%%%%%A

@Article{Abdel-Rady2017,
    author={Abdel-Rady, A. S. and Hassan, Samia S. A. and Osman, Abdel-Nasser A. and Salah, Ahmed},
    title={Evolution of Extended JC-Dicke Quantum Phase Transition with a Coupled Optical Cavity in Bose-Einstein Condensate System},
    journal={International Journal of Theoretical Physics},
    year={2017},
    month={11},
    day={01},
    volume={56},
    number={11},
    pages={3655-3666},
    issn={1572-9575},
    doi={10.1007/s10773-017-3531-3},
    url={https://doi.org/10.1007/s10773-017-3531-3}}

@article{abdumalikov2008,
  title = {Vacuum Rabi splitting due to strong coupling of a flux qubit and a coplanar-waveguide resonator},
  author = {Abdumalikov, Abdufarrukh A. and Astafiev, Oleg and Nakamura, Yasunobu and Pashkin, Yuri A. and Tsai, JawShen},
  journal = {Phys. Rev. B},
  volume = {78},
  issue = {18},
  pages = {180502},
  numpages = {4},
  year = {2008},
  month = {11},
  publisher = {American Physical Society},
  doi = {10.1103/PhysRevB.78.180502},
  url = {https://link.aps.org/doi/10.1103/PhysRevB.78.180502}
}

@article{abrahams1966,
    title = {Time Variation of the Ginzburg-Landau Order Parameter},
  author = {Abrahams, Elihu and Tsuneto, Toshihiko},
  journal = {Phys. Rev.},
  volume = {152},
  issue = {1},
  pages = {416--432},
  numpages = {0},
  year = {1966},
  month = {12},
  publisher = {American Physical Society},
  doi = {10.1103/PhysRev.152.416},
  url = {https://link.aps.org/doi/10.1103/PhysRev.152.416}
}

@article{aharony1976,
  title = {Universal relations among thermodynamic critical amplitudes},
  author = {Aharony, A. and Hohenberg, P. C.},
  journal = {Phys. Rev. B},
  volume = {13},
  issue = {7},
  pages = {3081--3090},
  numpages = {0},
  year = {1976},
  month = {4},
  publisher = {American Physical Society},
  doi = {10.1103/PhysRevB.13.3081},
  url = {https://link.aps.org/doi/10.1103/PhysRevB.13.3081}
}

@article{agarwal1979,
title    = "Master equations for time correlation functions of a quantum
              system interacting with stochastic perturbations and applications
              to emission and absorption line shapes",
  author   = "Agarwal, G S",
  journal  = "Zeitschrift f{\"u}r Physik B Condensed Matter",
  volume   =  33,
  number   =  1,
  pages    = "111--124",
  month    =  mar,
  year     =  1979,
url = "https://link.springer.com/article/10.1007/BF01325819#citeas"
}

@article{agarwal2012,
  title = {Tavis-Cummings model beyond the rotating wave approximation: Quasidegenerate qubits},
  author = {Agarwal, S. and Rafsanjani, S. M. Hashemi and Eberly, J. H.},
  journal = {Phys. Rev. A},
  volume = {85},
  issue = {4},
  pages = {043815},
  numpages = {11},
  year = {2012},
  month = {Apr},
  publisher = {American Physical Society},
  doi = {10.1103/PhysRevA.85.043815},
  url = {https://link.aps.org/doi/10.1103/PhysRevA.85.043815}
}

@article{ai2010,
  title = {Quantum anti-Zeno effect without rotating wave approximation},
  author = {Ai, Qing and Li, Yong and Zheng, Hang and Sun, C. P.},
  journal = {Phys. Rev. A},
  volume = {81},
  issue = {4},
  pages = {042116},
  numpages = {12},
  year = {2010},
  month = {Apr},
  publisher = {American Physical Society},
  doi = {10.1103/PhysRevA.81.042116},
  url = {https://link.aps.org/doi/10.1103/PhysRevA.81.042116}
}

@article{albert2011,
  title = {Symmetric rotating-wave approximation for the generalized single-mode spin-boson system},
  author = {Albert, Victor V. and Scholes, Gregory D. and Brumer, Paul},
  journal = {Phys. Rev. A},
  volume = {84},
  issue = {4},
  pages = {042110},
  numpages = {9},
  year = {2011},
  month = {10},
  publisher = {American Physical Society},
  doi = {10.1103/PhysRevA.84.042110},
  url = {https://link.aps.org/doi/10.1103/PhysRevA.84.042110}
}


@article{alcalde2007,
doi = {10.1088/1751-8113/40/39/016},
url = {https://dx.doi.org/10.1088/1751-8113/40/39/016},
year = {2007},
month = {9},
publisher = {},
volume = {40},
number = {39},
pages = {11961},
author = {M Aparicio Alcalde and A L L de Lemos and N F Svaiter},
title = {Functional methods in the generalized Dicke model},
journal = {Journal of Physics A: Mathematical and Theoretical}
}

@article{alcalde2011,
title = {Path integral approach to the full Dicke model},
journal = {Physica A: Statistical Mechanics and its Applications},
volume = {390},
number = {20},
pages = {3385-3396},
year = {2011},
issn = {0378-4371},
doi = {https://doi.org/10.1016/j.physa.2011.05.018},
url = {https://www.sciencedirect.com/science/article/pii/S0378437111003918},
author = {M. Aparicio Alcalde and B.M. Pimentel}
}

@book{allen1987,
  title={Optical resonance and two-level atoms},
  author={Allen, Leslie and Eberly, Joseph H},
  volume={28},
  year={1987},
  publisher={Courier Corporation}
}



@article{Altintas2011,
doi = {10.1088/0953-4075/44/12/125501},
url = {https://dx.doi.org/10.1088/0953-4075/44/12/125501},
year = {2011},
month = {6},
publisher = {},
volume = {44},
number = {12},
pages = {125501},
author = {Altintas, Ferdi and Eryigit, Resul},
title = {Quantum correlations between identical and unidentical atoms in a dissipative environment},
journal = {Journal of Physics B: Atomic, Molecular and Optical Physics}
}

@article{Altintas2011b,
doi = {10.1088/1751-8113/44/40/405302},
url = {https://dx.doi.org/10.1088/1751-8113/44/40/405302},
year = {2011},
month = {9},
publisher = {IOP Publishing},
volume = {44},
number = {40},
pages = {405302},
author = {Altintas, Ferdi and Eryigit, Resul},
title = {Entanglement dynamics of two qubits under the influence of external kicks and Gaussian pulses},
journal = {Journal of Physics A: Mathematical and Theoretical},
abstract = {We have investigated the dynamics of entanglement between two spin-1/2 qubits that are subject to independent kick and Gaussian pulse-type external magnetic fields analytically and numerically. We show that ‘almost-steady’ high entanglement can be created between two initially unentangled qubits by using carefully designed kick or pulse sequences.}
}


@book{altland2010,
  title={Condensed matter field theory},
  author={Altland, Alexander and Simons, Ben D},
  year={2010},
  publisher={Cambridge university press}
}

@article{Altland12NJP,
 doi = {10.1088/1367-2630/14/7/073011},
url = {https://dx.doi.org/10.1088/1367-2630/14/7/073011},
year = {2012},
month = {7},
publisher = {IOP Publishing},
volume = {14},
number = {7},
pages = {073011},
author = {Alexander Altland and Fritz Haake},
title = {Equilibration and macroscopic quantum fluctuations in the Dicke model},
journal = {New Journal of Physics}
}

@article{Altland12PRL,
  title = {Quantum Chaos and Effective Thermalization},
  author = {Altland, Alexander and Haake, Fritz},
  journal = {Phys. Rev. Lett.},
  volume = {108},
  issue = {7},
  pages = {073601},
  numpages = {4},
  year = {2012},
  month = {2},
  publisher = {American Physical Society},
  doi = {10.1103/PhysRevLett.108.073601},
  url = {https://link.aps.org/doi/10.1103/PhysRevLett.108.073601}
}


@article{aaltonen2012,
  title = {Search for high-mass resonances decaying into $ZZ$ in $p\overline{p}$ collisions at $\sqrt{s}=1.96\text{ }\text{ }\mathrm{TeV}$},
  author = {Aaltonen, T. and \'Alvarez Gonz\'alez, B.},
  collaboration = {CDF Collaboration},
  journal = {Phys. Rev. D},
  volume = {85},
  issue = {1},
  pages = {012008},
  numpages = {13},
  year = {2012},
  month = {1},
  publisher = {American Physical Society},
  doi = {10.1103/PhysRevD.85.012008},
  url = {https://link.aps.org/doi/10.1103/PhysRevD.85.012008}
}

@article{alzar2006,
  title = {Evaporative cooling in a radio-frequency trap},
  author = {Garrido Alzar, Carlos L. and Perrin, H\'el\`ene and Garraway, Barry M. and Lorent, Vincent},
  journal = {Phys. Rev. A},
  volume = {74},
  issue = {5},
  pages = {053413},
  numpages = {10},
  year = {2006},
  month = {11},
  publisher = {American Physical Society},
  doi = {10.1103/PhysRevA.74.053413},
  url = {https://link.aps.org/doi/10.1103/PhysRevA.74.053413}
}

@article{amico2007,
title = {Integrable spin–boson models descending from rational six-vertex models},
journal = {Nuclear Physics B},
volume = {787},
number = {3},
pages = {283-300},
year = {2007},
issn = {0550-3213},
doi = {https://doi.org/10.1016/j.nuclphysb.2007.07.022},
url = {https://www.sciencedirect.com/science/article/pii/S0550321307005470},
author = {L. Amico and H. Frahm and A. Osterloh and G.A.P. Ribeiro}
}

@article{amico2010,
title = {Separation of variables for integrable spin–boson models},
journal = {Nuclear Physics B},
volume = {839},
number = {3},
pages = {604-626},
year = {2010},
issn = {0550-3213},
doi = {https://doi.org/10.1016/j.nuclphysb.2010.07.005},
url = {https://www.sciencedirect.com/science/article/pii/S0550321310003755},
author = {Luigi Amico and Holger Frahm and Andreas Osterloh and Tobias Wirth},
keywords = {Integrable systems, Functional Bethe ansatz, Separation of variables, Spin–boson models, Integrable boundaries, -equations}
}

@book{amit2005,
  title={Field theory, the renormalization group, and critical phenomena: graphs to computers},
  author={Amit, Daniel J and Martin-Mayor, Victor},
  year={2005},
  publisher={World Scientific Publishing Company}
}

@article{amniat2005,
    author = {Amniat-Talab, M. and Guérin, S. and Jauslin, H. R.},
    title = {Quantum averaging and resonances: Two-level atom in a one-mode quantized field},
    journal = {Journal of Mathematical Physics},
    volume = {46},
    number = {4},
    pages = {042311},
    year = {2005},
    month = {03},
    issn = {0022-2488},
    doi = {10.1063/1.1864252},
    url = {https://doi.org/10.1063/1.1864252},
}

@article{amsuss2011,
   title = {Cavity QED with Magnetically Coupled Collective Spin States},
  author = {Ams\"uss, R. and Koller, Ch. and N\"obauer, T. and Putz, S. and Rotter, S. and Sandner, K. and Schneider, S. and Schramb\"ock, M. and Steinhauser, G. and Ritsch, H. and Schmiedmayer, J. and Majer, J.},
  journal = {Phys. Rev. Lett.},
  volume = {107},
  issue = {6},
  pages = {060502},
  numpages = {5},
  year = {2011},
  month = {8},
  publisher = {American Physical Society},
  doi = {10.1103/PhysRevLett.107.060502},
  url = {https://link.aps.org/doi/10.1103/PhysRevLett.107.060502}
}

@article{anderson1958,
  title = {Random-Phase Approximation in the Theory of Superconductivity},
  author = {Anderson, P. W.},
  journal = {Phys. Rev.},
  volume = {112},
  issue = {6},
  pages = {1900--1916},
  numpages = {0},
  year = {1958},
  month = {12},
  publisher = {American Physical Society},
  doi = {10.1103/PhysRev.112.1900},
  url = {https://link.aps.org/doi/10.1103/PhysRev.112.1900}
}

@article{anderson1963,
  title = {Plasmons, Gauge Invariance, and Mass},
  author = {Anderson, P. W.},
  journal = {Phys. Rev.},
  volume = {130},
  issue = {1},
  pages = {439--442},
  numpages = {0},
  year = {1963},
  month = {4},
  publisher = {American Physical Society},
  doi = {10.1103/PhysRev.130.439},
  url = {https://link.aps.org/doi/10.1103/PhysRev.130.439}
}

@article{anderson1995,
author = {M. H. Anderson  and J. R. Ensher  and M. R. Matthews  and C. E. Wieman  and E. A. Cornell },
title = {Observation of Bose-Einstein Condensation in a Dilute Atomic Vapor},
journal = {Science},
volume = {269},
number = {5221},
pages = {198-201},
year = {1995},
doi = {10.1126/science.269.5221.198},
URL = {https://www.science.org/doi/abs/10.1126/science.269.5221.198},
eprint = {https://www.science.org/doi/pdf/10.1126/science.269.5221.198}
}

@ARTICLE{Andersson2019,
  title    = "Non-exponential decay of a giant artificial atom",
  author   = "Andersson, Gustav and Suri, Baladitya and Guo, Lingzhen and Aref,
              Thomas and Delsing, Per",
  journal  = "Nature Physics",
  volume   =  15,
  number   =  11,
  pages    = "1123--1127",
  month    =  nov,
  year     =  2019
}


@article{angelakis2007,
  title = {Photon-blockade-induced Mott transitions and $XY$ spin models in coupled cavity arrays},
  author = {Angelakis, Dimitris G. and Santos, Marcelo Franca and Bose, Sougato},
  journal = {Phys. Rev. A},
  volume = {76},
  issue = {3},
  pages = {031805},
  numpages = {4},
  year = {2007},
  month = {9},
  publisher = {American Physical Society},
  doi = {10.1103/PhysRevA.76.031805},
  url = {https://link.aps.org/doi/10.1103/PhysRevA.76.031805}
}

@article{ashhab2010,
  title = {Qubit-oscillator systems in the ultrastrong-coupling regime and their potential for preparing nonclassical states},
  author = {Ashhab, S. and Nori, Franco},
  journal = {Phys. Rev. A},
  volume = {81},
  issue = {4},
  pages = {042311},
  numpages = {17},
  year = {2010},
  month = {Apr},
  publisher = {American Physical Society},
  doi = {10.1103/PhysRevA.81.042311},
  url = {https://link.aps.org/doi/10.1103/PhysRevA.81.042311}
}

@article{Auerbach11,
doi = {10.1088/0034-4885/74/10/106301},
url = {https://dx.doi.org/10.1088/0034-4885/74/10/106301},
year = {2011},
month = {9},
publisher = {},
volume = {74},
number = {10},
pages = {106301},
author = {Naftali Auerbach and Vladimir Zelevinsky},
title = {Super-radiant dynamics, doorways and resonances in nuclei and other open mesoscopic systems},
journal = {Reports on Progress in Physics}
}
	
%%%%%B

@article{Baden14,
  title = {Realization of the Dicke Model Using Cavity-Assisted Raman Transitions},
  author = {Baden, Markus P. and Arnold, Kyle J. and Grimsmo, Arne L. and Parkins, Scott and Barrett, Murray D.},
  journal = {Phys. Rev. Lett.},
  volume = {113},
  issue = {2},
  pages = {020408},
  numpages = {5},
  year = {2014},
  month = {7},
  publisher = {American Physical Society},
  doi = {10.1103/PhysRevLett.113.020408},
  url = {https://link.aps.org/doi/10.1103/PhysRevLett.113.020408}
}

@article{Baden2017,
  title = {Realization of the Dicke Model Using Cavity-Assisted Raman Transitions},
  author = {Baden, Markus P. and Arnold, Kyle J. and Grimsmo, Arne L. and Parkins, Scott and Barrett, Murray D.},
  journal = {Phys. Rev. Lett.},
  volume = {113},
  issue = {2},
  pages = {020408},
  numpages = {5},
  year = {2014},
  month = {7},
  publisher = {American Physical Society},
  doi = {10.1103/PhysRevLett.113.020408},
  url = {https://link.aps.org/doi/10.1103/PhysRevLett.113.020408}
}

@article{baksic2014,
  title = {Controlling Discrete and Continuous Symmetries in ``Superradiant'' Phase Transitions with Circuit QED Systems},
  author = {Baksic, Alexandre and Ciuti, Cristiano},
  journal = {Phys. Rev. Lett.},
  volume = {112},
  issue = {17},
  pages = {173601},
  numpages = {5},
  year = {2014},
  month = {4},
  publisher = {American Physical Society},
  doi = {10.1103/PhysRevLett.112.173601},
  url = {https://link.aps.org/doi/10.1103/PhysRevLett.112.173601}
}

@article{balili2007,
  author = {R. Balili  and V. Hartwell  and D. Snoke  and L. Pfeiffer  and K. West },
    title = {Bose-Einstein Condensation of Microcavity Polaritons in a Trap},
    journal = {Science},
    volume = {316},
    number = {5827},
    pages = {1007-1010},
    year = {2007},
    doi = {10.1126/science.1140990},
    URL = {https://www.science.org/doi/abs/10.1126/science.1140990},
    eprint = {https://www.science.org/doi/pdf/10.1126/science.1140990}
}

@article{ballarini2009,
    author = {Ballarini, D. and Amo, A. and Sanvitto, D. and Martin, M. D. and Viña, L. and Wouters, M. and Carusotto, I. and Lemaitre, A. and Bloch, J.},
    title = "{Observation of a Long‐Lived Polariton State in Semiconductor Microcavities}",
    journal = {AIP Conference Proceedings},
    volume = {1199},
    number = {1},
    pages = {165-166},
    year = {2010},
    month = {01},
    issn = {0094-243X},
    doi = {10.1063/1.3295348},
    url = {https://doi.org/10.1063/1.3295348},
    eprint = {https://pubs.aip.org/aip/acp/article-pdf/1199/1/165/11489958/165\_1\_online.pdf},
}

@article{ballarini2020,
  title    = "Directional Goldstone waves in polariton condensates close to
              equilibrium",
  author   = "Ballarini, Dario and Caputo, Davide and Dagvadorj, Galbadrakh and
              Juggins, Richard and Giorgi, Milena De and Dominici, Lorenzo and
              West, Kenneth and Pfeiffer, Loren N and Gigli, Giuseppe and
              Szyma{\'n}ska, Marzena H and Sanvitto, Daniele",
  journal  = "Nature Communications",
  volume   =  11,
  number   =  1,
  pages    = "217",
  month    =  jan,
  year     =  2020
}

@article{Barenco1995,
  title = {Elementary gates for quantum computation},
  author = {Barenco, Adriano and Bennett, Charles H. and Cleve, Richard and DiVincenzo, David P. and Margolus, Norman and Shor, Peter and Sleator, Tycho and Smolin, John A. and Weinfurter, Harald},
  journal = {Phys. Rev. A},
  volume = {52},
  issue = {5},
  pages = {3457--3467},
  numpages = {0},
  year = {1995},
  month = {11},
  publisher = {American Physical Society},
  doi = {10.1103/PhysRevA.52.3457},
  url = {https://link.aps.org/doi/10.1103/PhysRevA.52.3457}
}

@article{barends2019,
  title = {Diabatic Gates for Frequency-Tunable Superconducting Qubits},
  author = {Barends, R. and Quintana, C. M. and Petukhov, A. G. and Chen, Yu and Kafri, D. and Kechedzhi, K. and Collins, R. and Naaman, O. and Boixo, S. and Arute, F. and Arya, K. and Buell, D. and Burkett, B. and Chen, Z. and Chiaro, B. and Dunsworth, A. and Foxen, B. and Fowler, A. and Gidney, C. and Giustina, M. and Graff, R. and Huang, T. and Jeffrey, E. and Kelly, J. and Klimov, P. V. and Kostritsa, F. and Landhuis, D. and Lucero, E. and McEwen, M. and Megrant, A. and Mi, X. and Mutus, J. and Neeley, M. and Neill, C. and Ostby, E. and Roushan, P. and Sank, D. and Satzinger, K. J. and Vainsencher, A. and White, T. and Yao, J. and Yeh, P. and Zalcman, A. and Neven, H. and Smelyanskiy, V. N. and Martinis, John M.},
  journal = {Phys. Rev. Lett.},
  volume = {123},
  issue = {21},
  pages = {210501},
  numpages = {6},
  year = {2019},
  month = {11},
  publisher = {American Physical Society},
  doi = {10.1103/PhysRevLett.123.210501},
  url = {https://link.aps.org/doi/10.1103/PhysRevLett.123.210501}
}

@article{Bargmann1961,
author = {Bargmann, V.},
title = {On a Hilbert space of analytic functions and an associated integral transform part I},
journal = {Communications on Pure and Applied Mathematics},
volume = {14},
number = {3},
pages = {187-214},
doi = {https://doi.org/10.1002/cpa.3160140303},
url = {https://onlinelibrary.wiley.com/doi/abs/10.1002/cpa.3160140303},
year = {1961}
}



@Article{Bastarrachea11, 
 author =  {Bastarrachea-Magnani, M. A. and Hirsch, J. G.},
 title = {Numerical solutions of the Dicke Hamiltonian}, 
 journal = {Rev. Mex. Fis. S},
 volume = {57},
 pages = {69},
 year = {2011},
url = {https://www.redalyc.org/pdf/570/57030390012.pdf}
 } 

@article{Bastarrachea12AIP,
  author = {Bastarrachea-Magnani, Miguel Angel and Hirsch, Jorge G.},
    title = "{Convergence in numerical solutions of the Dicke Hamiltonian}",
    journal = {AIP Conference Proceedings},
    volume = {1488},
    number = {1},
    pages = {418-421},
    year = {2012},
    month = {10},
    issn = {0094-243X},
    doi = {10.1063/1.4759424},
    url = {https://doi.org/10.1063/1.4759424},
    eprint = {https://pubs.aip.org/aip/acp/article-pdf/1488/1/418/11673700/418\_1\_online.pdf}
}

@article{bastarrachea2014,
    doi = {10.1088/1742-6596/492/1/012012},
    url = {https://dx.doi.org/10.1088/1742-6596/492/1/012012},
    year = {2014},
    month = {3},
    publisher = {},
    volume = {492},
    number = {1},
    pages = {012012},
    author = {M A Bastarrachea-Magnani and O Castaños and E Nahmad-Achar and R López-Peña and J G Hirsch},
    title = {Fidelity, susceptibility and critical exponents in the Dicke model},
    journal = {Journal of Physics: Conference Series}
}

@article{Bastarrachea2014a,
   title = {Comparative quantum and semiclassical analysis of atom-field systems. I. Density of states and excited-state quantum phase transitions},
  author = {Bastarrachea-Magnani, M. A. and Lerma-Hern\'andez, S. and Hirsch, J. G.},
  journal = {Phys. Rev. A},
  volume = {89},
  issue = {3},
  pages = {032101},
  numpages = {9},
  year = {2014},
  month = {3},
  publisher = {American Physical Society},
  doi = {10.1103/PhysRevA.89.032101},
  url = {https://link.aps.org/doi/10.1103/PhysRevA.89.032101}
}

@article{Bastarrachea2014b,
  title = {Comparative quantum and semiclassical analysis of atom-field systems. II. Chaos and regularity},
  author = {Bastarrachea-Magnani, M. A. and Lerma-Hern\'andez, S. and Hirsch, J. G.},
  journal = {Phys. Rev. A},
  volume = {89},
  issue = {3},
  pages = {032102},
  numpages = {11},
  year = {2014},
  month = {3},
  publisher = {American Physical Society},
  doi = {10.1103/PhysRevA.89.032102},
  url = {http://link.aps.org/doi/10.1103/PhysRevA.89.032102}
}

@Article{Bastarrachea2015,
    doi = {10.1088/0031-8949/90/6/068015},
    url = {https://dx.doi.org/10.1088/0031-8949/90/6/068015},
    year = {2015},
    month = {5},
    publisher = {IOP Publishing},
    volume = {90},
    number = {6},
    pages = {068015},
    author = {Miguel Angel Bastarrachea-Magnani and Baldemar López-del-Carpio and Sergio Lerma-Hernández and Jorge G Hirsch},
    title = {Chaos in the Dicke model: quantum and semiclassical analysis},
    journal = {Physica Scripta} 
}

@book{Bastarrachea2016tesis,
  author ={Bastarrachea-Magnani, Miguel {\'A}ngel},
  title ={Fenómenos críticos en sistemas átomo-campo},
  school ={Universidad Autónoma Nacional de México},
  year ={2016},
    month={1},
    url={https://repositorio.unam.mx/contenidos/74377},
publisher={Universidad Aut{\'o}noma Nacional de m{\'e}xico}
}
  

  
 @article{Bastarrachea2016,
	doi = {10.1088/1742-5468/2016/09/093105},
	url = {https://doi.org/10.1088/1742-5468/2016/09/093105},
	year = 2016,
	month = {9},
	publisher = {{IOP} Publishing},
	volume = {2016},
	number = {9},
	pages = {093105},
	author = {M A Bastarrachea-Magnani and S Lerma-Hern{\'{a}}ndez and J G Hirsch},
	title = {Thermal and quantum phase transitions in atom-field systems: a microcanonical analysis},
	journal = {Journal of Statistical Mechanics: Theory and Experiment}}
  
@article{Bastarrachea16a,
  title = {Delocalization and quantum chaos in atom-field systems},
  author = {Bastarrachea-Magnani, M. A. and L\'opez-del-Carpio, B. and Ch\'avez-Carlos, J. and Lerma-Hern\'andez, S. and Hirsch, J. G.},
  journal = {Phys. Rev. E},
  volume = {93},
  issue = {2},
  pages = {022215},
  numpages = {10},
  year = {2016},
  month = {2},
  publisher = {American Physical Society},
  doi = {10.1103/PhysRevE.93.022215},
  url = {https://link.aps.org/doi/10.1103/PhysRevE.93.022215}
}

@article{Bastarrachea17JPA,
  doi = {10.1088/1751-8121/aa6162},
    url = {https://dx.doi.org/10.1088/1751-8121/aa6162},
    year = {2017},
    month = {3},
    publisher = {IOP Publishing},
    volume = {50},
    number = {14},
    pages = {144002},
    author = {M A Bastarrachea-Magnani and A Relaño and S Lerma-Hernández and B López-del-Carpio and J Chávez-Carlos and J G Hirsch},
    title = {Adiabatic invariants for the regular region of the Dicke model},
    journal = {Journal of Physics A: Mathematical and Theoretical}
}


@article{Bastarrachea17PS,
  doi = {10.1088/1402-4896/aa6640},
    url = {https://dx.doi.org/10.1088/1402-4896/aa6640},
    year = {2017},
    month = {4},
    publisher = {IOP Publishing},
    volume = {92},
    number = {5},
    pages = {054003},
    author = {Miguel Angel Bastarrachea-Magnani and Baldemar López-del-Carpio and Jorge Chávez-Carlos and Sergio Lerma-Hernández and Jorge G Hirsch},
    title = {Regularity and chaos in cavity QED},
    journal = {Physica Scripta}
}


@article{Baumann10,
	title    = "Dicke quantum phase transition with a superfluid gas in an
              optical cavity",
  author   = "Baumann, Kristian and Guerlin, Christine and Brennecke, Ferdinand
              and Esslinger, Tilman",
  journal  = "Nature",
  volume   =  464,
  number   =  7293,
  pages    = "1301--1306",
  month    =  apr,
  year     =  2010,
url = "https://www.nature.com/articles/nature09009"
}

@article{Baumann11,
  title = {Exploring Symmetry Breaking at the Dicke Quantum Phase Transition},
  author = {Baumann, K. and Mottl, R. and Brennecke, F. and Esslinger, T.},
  journal = {Phys. Rev. Lett.},
  volume = {107},
  issue = {14},
  pages = {140402},
  numpages = {5},
  year = {2011},
  month = {9},
  publisher = {American Physical Society},
  doi = {10.1103/PhysRevLett.107.140402},
  url = {https://link.aps.org/doi/10.1103/PhysRevLett.107.140402}
}

@article{beekman2013,
   title = {Deconfining the rotational Goldstone mode: The superconducting quantum liquid crystal in (2+1) dimensions},
  author = {Beekman, Aron J. and Wu, Kai and Cvetkovic, Vladimir and Zaanen, Jan},
  journal = {Phys. Rev. B},
  volume = {88},
  issue = {2},
  pages = {024121},
  numpages = {5},
  year = {2013},
  month = {7},
  publisher = {American Physical Society},
  doi = {10.1103/PhysRevB.88.024121},
  url = {https://link.aps.org/doi/10.1103/PhysRevB.88.024121}
}

@article{beekman2019,
  title={{An introduction to spontaneous symmetry breaking}},
	author={Aron J. Beekman and Louk Rademaker and Jasper van Wezel},
	journal={SciPost Phys. Lect. Notes},
	pages={11},
	year={2019},
	publisher={SciPost},
	doi={10.21468/SciPostPhysLectNotes.11},
	url={https://scipost.org/10.21468/SciPostPhysLectNotes.11},
}

@incollection{Berry91,
  title = "Some quantum-to-classical asymptotics",
    author = "MV Berry",
    note = "Conference Proceedings/Title of Journal: Chaos et Physique Quantique/Chaos and Quantum Physics",
    year = "1991",
    language = "English",
    isbn = "04448277X",
    pages = "255 -- 303",
    booktitle = "Unknown",
}

@article{berthier2001,
  title={High Magnetic Fields: Applications in Condensed Matter Physics and Spectroscopy},
  author={Berthier, Claude and Levy, Laurent P},
  year={2001},
  publisher={Springer Science \& Business Media}
}

@article{berry1977,
  author = {Berry, Michael Victor  and Tabor, M.  and Ziman, John Michael },
    title = {Level clustering in the regular spectrum},
    journal = {Proceedings of the Royal Society of London. A. Mathematical and Physical Sciences},
    volume = {356},
    number = {1686},
    pages = {375-394},
    year = {1977},
    doi = {10.1098/rspa.1977.0140},
    url = {https://royalsocietypublishing.org/doi/abs/10.1098/rspa.1977.0140}
}

@article{beugnon2017,
  doi = {10.1088/1361-6455/50/2/022002},
    url = {https://dx.doi.org/10.1088/1361-6455/50/2/022002},
    year = {2017},
    month = {1},
    publisher = {IOP Publishing},
    volume = {50},
    number = {2},
    pages = {022002},
    author = {Jérôme Beugnon and Nir Navon},
    title = {Exploring the Kibble–Zurek mechanism with homogeneous Bose gases},
    journal = {Journal of Physics B: Atomic, Molecular and Optical Physics}
}


@article{bewley2006,
  title    = "Visualization of quantized vortices",
  author   = "Bewley, Gregory P and Lathrop, Daniel P and Sreenivasan,
              Katepalli R",
  journal  = "Nature",
  volume   =  441,
  number   =  7093,
  pages    = "588--588",
  month    =  jun,
  year     =  2006
}

@article{bialynicki1979,
   title = {No-go theorem concerning the superradiant phase transition in atomic systems},
  author = {Bialynicki-Birula, Iwo and Rza\ifmmode \mbox{\c{}}\else \c{}\fi{}\ifmmode \dot{z}\else \.{z}\fi{}ewski, Kazimierz},
  journal = {Phys. Rev. A},
  volume = {19},
  issue = {1},
  pages = {301--303},
  numpages = {0},
  year = {1979},
  month = {1},
  publisher = {American Physical Society},
  doi = {10.1103/PhysRevA.19.301},
  url = {https://link.aps.org/doi/10.1103/PhysRevA.19.301}
}

@book{binder2018,
	place={Switzerland},
	title={Thermodynamics in the Quantum Regime},
	publisher={Springer},
	author={Binder F. and Correa L. A. and Gogolin C. and Anders J.}, 
	year={2018}}

@article{blaha2022,
   title = {Beyond the Tavis-Cummings model: Revisiting cavity QED with ensembles of quantum emitters},
  author = {Blaha, Martin and Johnson, Aisling and Rauschenbeutel, Arno and Volz, J\"urgen},
  journal = {Phys. Rev. A},
  volume = {105},
  issue = {1},
  pages = {013719},
  numpages = {13},
  year = {2022},
  month = {1},
  publisher = {American Physical Society},
  doi = {10.1103/PhysRevA.105.013719},
  url = {https://link.aps.org/doi/10.1103/PhysRevA.105.013719}
}
 
 @article{Blais04,
  title = {Cavity quantum electrodynamics for superconducting electrical circuits: An architecture for quantum computation},
  author = {Blais, Alexandre and Huang, Ren-Shou and Wallraff, Andreas and Girvin, S. M. and Schoelkopf, R. J.},
  journal = {Phys. Rev. A},
  volume = {69},
  issue = {June},
  pages = {062320},
  numpages = {14},
  year = {2004},
  month = {6},
  publisher = {American Physical Society},
  doi = {10.1103/PhysRevA.69.062320},
  url = {https://link.aps.org/doi/10.1103/PhysRevA.69.062320}
}

@article{Blais2021,
  title = {Circuit quantum electrodynamics},
  author = {Blais, Alexandre and Grimsmo, Arne L. and Girvin, S. M. and Wallraff, Andreas},
  journal = {Rev. Mod. Phys.},
  volume = {93},
  issue = {2},
  pages = {025005},
  numpages = {72},
  year = {2021},
  month = {5},
  publisher = {American Physical Society},
  doi = {10.1103/RevModPhys.93.025005},
  url = {https://link.aps.org/doi/10.1103/RevModPhys.93.025005}
}

@book{blundell2010,
  title={Concepts in thermal physics},
  author={Blundell, Stephen J and Blundell, Katherine M},
  year={2010},
  publisher={Oxford University Press on Demand}
}

@article{bochkov1977,
  title={General theory of thermal fluctuations in nonlinear systems},
  author={Bochkov, GN and Kuzovlev, Yu E},
  journal={Zh. Eksp. Teor. Fiz},
  volume={72},
  pages={238--243},
  year={1977}
}

@article{bogoliubov1947,
  title={On the theory of superfluidity},
  author={N. N. Jr. Bogolyubov},
  year={1947},
  url={https://api.semanticscholar.org/CorpusID:123177477}
}

@article{bogoliubov1960,
  author = {Bogoljubov, N. N. and Tolmachov, V. V. and Širkov, D. V.},
    title = {A New Method in the Theory of Superconductivity},
    journal = {Fortschritte der Physik},
    volume = {6},
    number = {11-12},
    pages = {605-682},
    doi = {https://doi.org/10.1002/prop.19580061102},
    url = {https://onlinelibrary.wiley.com/doi/abs/10.1002/prop.19580061102},
    eprint = {https://onlinelibrary.wiley.com/doi/pdf/10.1002/prop.19580061102},
    year = {1958}
}

@article{boninsegni2012,
   title = {Colloquium: Supersolids: What and where are they?},
  author = {Boninsegni, Massimo and Prokof'ev, Nikolay V.},
  journal = {Rev. Mod. Phys.},
  volume = {84},
  issue = {2},
  pages = {759--776},
  numpages = {0},
  year = {2012},
  month = {5},
  publisher = {American Physical Society},
  doi = {10.1103/RevModPhys.84.759},
  url = {https://link.aps.org/doi/10.1103/RevModPhys.84.759}
}

@article{braak2011,
  title = {Integrability of the Rabi Model},
  author = {Braak, D.},
  journal = {Phys. Rev. Lett.},
  volume = {107},
  issue = {10},
  pages = {100401},
  numpages = {4},
  year = {2011},
  month = {8},
  publisher = {American Physical Society},
  doi = {10.1103/PhysRevLett.107.100401},
  url = {https://link.aps.org/doi/10.1103/PhysRevLett.107.100401}
}


@article{braak2013,
  doi = {10.1088/0953-4075/46/22/224007},
    url = {https://dx.doi.org/10.1088/0953-4075/46/22/224007},
    year = {2013},
    month = {11},
    publisher = {IOP Publishing},
    volume = {46},
    number = {22},
    pages = {224007},
    author = {Daniel Braak},
    title = {Solution of the Dicke model for N = 3},
    journal = {Journal of Physics B: Atomic, Molecular and Optical Physics}
}

 @article{Brandes03PRL,
  title = {Quantum Chaos Triggered by Precursors of a Quantum Phase Transition: The Dicke Model},
  author = {Emary, Clive and Brandes, Tobias},
  journal = {Phys. Rev. Lett.},
  volume = {90},
  issue = {4},
  pages = {044101},
  numpages = {4},
  year = {2003},
  month = {1},
  publisher = {American Physical Society},
  doi = {10.1103/PhysRevLett.90.044101},
  url = {https://link.aps.org/doi/10.1103/PhysRevLett.90.044101}
}

@article{Brandes03PRE,
  title = {Chaos and the quantum phase transition in the Dicke model},
  author = {Emary, C. and Brandes, T.},
  journal = {Phys. Rev. E},
  volume = {67},
  issue = {6},
  pages = {066203},
  numpages = {22},
  year = {2003},
  month = {6},
  publisher = {American Physical Society},
  doi = {10.1103/PhysRevE.67.066203},
  url = {https://link.aps.org/doi/10.1103/PhysRevE.67.066203}
}

@article{Brandes05,
title = "Coherent and collective quantum optical effects in mesoscopic systems",
journal = "Physics Reports",
volume = "408",
number = "5",
pages = "315 - 474",
year = "2005",
issn = "0370-1573",
doi = "https://doi.org/10.1016/j.physrep.2004.12.002",
url = "http://www.sciencedirect.com/science/article/pii/S0370157304005496",
author = "Tobias Brandes",
keywords = "Mesoscopics, Quantum optics, Superradiance, Dicke effects, Dark resonances, Coherent population trapping, Adiabatic steering, Coupled quantum dots, Electronic transport, Two-level systems, Quantum dissipation, Quantum noise, Electronâ phonon interaction, Entanglement, Quantum chaos"
}

@article{Brandes13,
  title = {Excited-state quantum phase transitions in Dicke superradiance models},
  author = {Brandes, Tobias},
  journal = {Phys. Rev. E},
  volume = {88},
  issue = {3},
  pages = {032133},
  numpages = {12},
  year = {2013},
  month = {9},
  publisher = {American Physical Society},
  doi = {10.1103/PhysRevE.88.032133},
  url = {https://link.aps.org/doi/10.1103/PhysRevE.88.032133}
}

@book{breuer2003,
	place={New York},
	title={The theory of open quantum systems},
	publisher={Oxford University Press},
	author={Breuer, H-P. and Petruccione F.}, 
	year={2003}}

@article{brune1996,
  title = {Quantum Rabi Oscillation: A Direct Test of Field Quantization in a Cavity},
  author = {Brune, M. and Schmidt-Kaler, F. and Maali, A. and Dreyer, J. and Hagley, E. and Raimond, J. M. and Haroche, S.},
  journal = {Phys. Rev. Lett.},
  volume = {76},
  issue = {11},
  pages = {1800--1803},
  numpages = {0},
  year = {1996},
  month = {3},
  publisher = {American Physical Society},
  doi = {10.1103/PhysRevLett.76.1800},
  url = {https://link.aps.org/doi/10.1103/PhysRevLett.76.1800}
}


@book{bruus2004,
  title={Many-body quantum theory in condensed matter physics: an introduction},
  author={Bruus, Henrik and Flensberg, Karsten},
  year={2004},
  publisher={OUP Oxford}
}

@article{buchhold2013,
  title = {Dicke-model quantum spin and photon glass in optical cavities: Nonequilibrium theory and experimental signatures},
  author = {Buchhold, Michael and Strack, Philipp and Sachdev, Subir and Diehl, Sebastian},
  journal = {Phys. Rev. A},
  volume = {87},
  issue = {6},
  pages = {063622},
  numpages = {24},
  year = {2013},
  month = {6},
  publisher = {American Physical Society},
  doi = {10.1103/PhysRevA.87.063622},
  url = {https://link.aps.org/doi/10.1103/PhysRevA.87.063622}
}

@article{buijsman2017,
   title = {Nonergodicity in the Anisotropic Dicke Model},
  author = {Buijsman, Wouter and Gritsev, Vladimir and Sprik, Rudolf},
  journal = {Phys. Rev. Lett.},
  volume = {118},
  issue = {8},
  pages = {080601},
  numpages = {6},
  year = {2017},
  month = {2},
  publisher = {American Physical Society},
  doi = {10.1103/PhysRevLett.118.080601},
  url = {https://link.aps.org/doi/10.1103/PhysRevLett.118.080601}
}


@ARTICLE{Burger2022,
  title    = "Digital Quantum Simulation of the {Spin-Boson} Model under
              Markovian {Open-System} Dynamics",
  author   = "Burger, Andreas and Kwek, Leong C and Poletti, Dario",
  journal  = "Entropy",
  volume   =  24,
  number   =  12,
  year     =  2022,
  keywords = "quantum computing; NISQ; open system"
}



@article{burgess2000,
  title = {Goldstone and pseudo-Goldstone bosons in nuclear, particle and condensed-matter physics},
journal = {Physics Reports},
volume = {330},
number = {4},
pages = {193-261},
year = {2000},
issn = {0370-1573},
doi = {https://doi.org/10.1016/S0370-1573(99)00111-8},
url = {https://www.sciencedirect.com/science/article/pii/S0370157399001118},
author = {C.P. Burgess}
}

@article{bustamante2005,
  author = {Bustamante, Carlos and Liphardt, Jan and Ritort, Felix},
    title = "{The Nonequilibrium Thermodynamics of Small Systems}",
    journal = {Physics Today},
    volume = {58},
    number = {7},
    pages = {43-48},
    year = {2005},
    month = {07},
    issn = {0031-9228},
    doi = {10.1063/1.2012462},
    url = {https://doi.org/10.1063/1.2012462},
    eprint = {https://pubs.aip.org/physicstoday/article-pdf/58/7/43/16729192/43\_1\_online.pdf},
}


@article{byrnes2012,
   title = {Negative Bogoliubov dispersion in exciton-polariton condensates},
  author = {Byrnes, Tim and Horikiri, Tomoyuki and Ishida, Natsuko and Fraser, Michael and Yamamoto, Yoshihisa},
  journal = {Phys. Rev. B},
  volume = {85},
  issue = {7},
  pages = {075130},
  numpages = {5},
  year = {2012},
  month = {2},
  publisher = {American Physical Society},
  doi = {10.1103/PhysRevB.85.075130},
  url = {https://link.aps.org/doi/10.1103/PhysRevB.85.075130}
}

@article{byrnes2014,
  title    = "Exciton--polariton condensates",
  author   = "Byrnes, Tim and Kim, Na Young and Yamamoto, Yoshihisa",
  journal  = "Nature Physics",
  volume   =  10,
  number   =  11,
  pages    = "803--813",
  month    =  nov,
  year     =  2014
}

%%%%%C

@article{caballero2016,
  title = {Quantum simulators based on the global collective light-matter interaction},
  author = {Caballero-Benitez, Santiago F. and Mazzucchi, Gabriel and Mekhov, Igor B.},
  journal = {Phys. Rev. A},
  volume = {93},
  issue = {6},
  pages = {063632},
  numpages = {22},
  year = {2016},
  month = {6},
  publisher = {American Physical Society},
  doi = {10.1103/PhysRevA.93.063632},
  url = {https://link.aps.org/doi/10.1103/PhysRevA.93.063632}
}


@article{cai2021,
  title = {Coherent single-photon scattering spectra for a giant-atom waveguide-QED system beyond the dipole approximation},
  author = {Cai, Q. Y. and Jia, W. Z.},
  journal = {Phys. Rev. A},
  volume = {104},
  issue = {3},
  pages = {033710},
  numpages = {11},
  year = {2021},
  month = {9},
  publisher = {American Physical Society},
  doi = {10.1103/PhysRevA.104.033710},
  url = {https://link.aps.org/doi/10.1103/PhysRevA.104.033710}
}


@article{callen1951,
  title = {Irreversibility and Generalized Noise},
  author = {H.B. Callen y T.A. Welton},
  journal = {Phys.Rev.},
  volume = {83},
  numpages = {34-40},
  year = {1951},
  month = {6},
  doi = {https://doi.org/10.1103/PhysRev.83.34}}

@article{campisi2009,
  doi = {10.1088/1751-8113/42/39/392002},
    url = {https://dx.doi.org/10.1088/1751-8113/42/39/392002},
    year = {2009},
    month = {9},
    publisher = {},
    volume = {42},
    number = {39},
    pages = {392002},
    author = {Michele Campisi and Peter Talkner and Peter Hänggi},
    title = {Thermodynamics and fluctuation theorems for a strongly coupled open quantum system: an exactly solvable case},
    journal = {Journal of Physics A: Mathematical and Theoretical}
}

@article{campisi2011,
   title = {Colloquium: Quantum fluctuation relations: Foundations and applications},
  author = {Campisi, Michele and H\"anggi, Peter and Talkner, Peter},
  journal = {Rev. Mod. Phys.},
  volume = {83},
  issue = {3},
  pages = {771--791},
  numpages = {0},
  year = {2011},
  month = {7},
  publisher = {American Physical Society},
  doi = {10.1103/RevModPhys.83.771},
  url = {https://link.aps.org/doi/10.1103/RevModPhys.83.771}
}


@book{cardy1996,
  title={Scaling and renormalization in statistical physics},
  author={Cardy, John},
  volume={5},
  year={1996},
  publisher={Cambridge university press}
}

@book{carmichael2013,
  title={Statistical methods in quantum optics 1: master equations and Fokker-Planck equations},
  author={Carmichael, Howard J},
  year={2013},
  publisher={Springer Science \& Business Media}
}

@article{caroli1967,
   title = {Fluctuations of the Order Parameter in Type-II Superconductors. II. Pure Limit},
  author = {Caroli, Christiane and Maki, Kazumi},
  journal = {Phys. Rev.},
  volume = {159},
  issue = {2},
  pages = {316--326},
  numpages = {0},
  year = {1967},
  month = {7},
  publisher = {American Physical Society},
  doi = {10.1103/PhysRev.159.316},
  url = {https://link.aps.org/doi/10.1103/PhysRev.159.316}
}

@article{carollo2021,
  title = {Exactness of Mean-Field Equations for Open Dicke Models with an Application to Pattern Retrieval Dynamics},
  author = {Carollo, Federico and Lesanovsky, Igor},
  journal = {Phys. Rev. Lett.},
  volume = {126},
  issue = {23},
  pages = {230601},
  numpages = {6},
  year = {2021},
  month = {6},
  publisher = {American Physical Society},
  doi = {10.1103/PhysRevLett.126.230601},
  url = {https://link.aps.org/doi/10.1103/PhysRevLett.126.230601}
}


@book{Carr10,
  title = {Understanding Quantum Phase Transitions},
  author = {Carr, Lincoln D.},
  year = {2010},
  publisher = {CRC Press}
}

@article{Caprio08,
  title = {Excited state quantum phase transitions in many-body systems},
    journal = {Annals of Physics},
    volume = {323},
    number = {5},
    pages = {1106-1135},
    year = {2008},
    issn = {0003-4916},
    doi = {https://doi.org/10.1016/j.aop.2007.06.011},
    url = {https://www.sciencedirect.com/science/article/pii/S0003491607001042},
    author = {M.A. Caprio and P. Cejnar and F. Iachello}
}

@article{caputo2018,
  title    = "Topological order and thermal equilibrium in polariton
              condensates",
  author   = "Caputo, Davide and Ballarini, Dario and Dagvadorj, Galbadrakh and
              S{\'a}nchez Mu{\~n}oz, Carlos and De Giorgi, Milena and Dominici,
              Lorenzo and West, Kenneth and Pfeiffer, Loren N and Gigli,
              Giuseppe and Laussy, Fabrice P and Szyma{\'n}ska, Marzena H and
              Sanvitto, Daniele",
  journal  = "Nature Materials",
  volume   =  17,
  number   =  2,
  pages    = "145--151",
  month    =  feb,
  year     =  2018
}

@article{carusotto2013,
  title = {Quantum fluids of light},
  author = {Carusotto, Iacopo and Ciuti, Cristiano},
  journal = {Rev. Mod. Phys.},
  volume = {85},
  issue = {1},
  pages = {299--366},
  numpages = {0},
  year = {2013},
  month = {2},
  publisher = {American Physical Society},
  doi = {10.1103/RevModPhys.85.299},
  url = {https://link.aps.org/doi/10.1103/RevModPhys.85.299}
}

@article{Casanova10,
  title = {Deep Strong Coupling Regime of the Jaynes-Cummings Model},
  author = {Casanova, J. and Romero, G. and Lizuain, I. and Garc\'{\i}a-Ripoll, J. J. and Solano, E.},
  journal = {Phys. Rev. Lett.},
  volume = {105},
  issue = {26},
  pages = {263603},
  numpages = {4},
  year = {2010},
  month = {12},
  publisher = {American Physical Society},
  doi = {10.1103/PhysRevLett.105.263603},
  url = {https://link.aps.org/doi/10.1103/PhysRevLett.105.263603}
}

@article{Castanos2009,
	doi = {10.1088/0031-8949/79/06/065405},
    url = {https://dx.doi.org/10.1088/0031-8949/79/06/065405},
    year = {2009},
    month = {6},
    publisher = {},
    volume = {79},
    number = {6},
    pages = {065405},
    author = {Octavio Castaños and Ramón López-Peña and Eduardo Nahmad-Achar and Jorge G Hirsch and Enrique López-Moreno and Javier E Vitela},
    title = {Coherent state description of the ground state in the Tavis–Cummings model and its quantum phase transitions},
    journal = {Physica Scripta}
}

@article{Castanos06,
  title = {Classical and quantum phase transitions in the Lipkin-Meshkov-Glick model},
  author = {Casta\~nos, Octavio and L\'opez-Pe\~na, Ram\'on and Hirsch, Jorge G. and L\'opez-Moreno, Enrique},
  journal = {Phys. Rev. B},
  volume = {74},
  issue = {10},
  pages = {104118},
  numpages = {14},
  year = {2006},
  month = {9},
  publisher = {American Physical Society},
  doi = {10.1103/PhysRevB.74.104118},
  url = {https://link.aps.org/doi/10.1103/PhysRevB.74.104118}
}

@article{Castanos10AIP,
  author = {Castaños, O. and Nahmad‐Achar, E. and López‐Peña, R. and Hirsch, J. G.},
    title = "{Symmetry adapted states and the quantum phase transition in the Dicke model}",
    journal = {AIP Conference Proceedings},
    volume = {1323},
    number = {1},
    pages = {40-51},
    year = {2010},
    month = {12},
    issn = {0094-243X},
    doi = {10.1063/1.3537864},
    url = {https://doi.org/10.1063/1.3537864},
    eprint = {https://pubs.aip.org/aip/acp/article-pdf/1323/1/40/11999168/40\_1\_online.pdf},
}

@article{castanos2011,
  title = {Superradiant phase in field-matter interactions},
  author = {Casta\~nos, O. and Nahmad-Achar, E. and L\'opez-Pe\~na, R. and Hirsch, J. G.},
  journal = {Phys. Rev. A},
  volume = {84},
  issue = {1},
  pages = {013819},
  numpages = {10},
  year = {2011},
  month = {7},
  publisher = {American Physical Society},
  doi = {10.1103/PhysRevA.84.013819},
  url = {https://link.aps.org/doi/10.1103/PhysRevA.84.013819}
}

@article{cazalilla2014,
  doi = {10.1088/0034-4885/77/12/124401},
url = {https://dx.doi.org/10.1088/0034-4885/77/12/124401},
year = {2014},
month = {11},
publisher = {IOP Publishing},
volume = {77},
number = {12},
pages = {124401},
author = {Miguel A Cazalilla and Ana Maria Rey},
title = {Ultracold Fermi gases with emergent SU(N) symmetry},
journal = {Reports on Progress in Physics}
}

@article{Cejnar2021,
	doi = {10.1088/1751-8121/abdfe8},
    url = {https://dx.doi.org/10.1088/1751-8121/abdfe8},
    year = {2021},
    month = {3},
    publisher    = {IOP Publishing},
    volume = {54},
    number = {13},
    pages = {133001},
    author = {Pavel Cejnar and Pavel Stránský and Michal Macek and Michal Kloc},
    title = {Excited-state quantum phase transitions},
    journal = {Journal of Physics A: Mathematical and Theoretical}}

@article{cerisola2014,
   title = {Work Measurement as a Generalized Quantum Measurement},
  author = {Roncaglia, Augusto J. and Cerisola, Federico and Paz, Juan Pablo},
  journal = {Phys. Rev. Lett.},
  volume = {113},
  issue = {25},
  pages = {250601},
  numpages = {4},
  year = {2014},
  month = {12},
  publisher = {American Physical Society},
  doi = {10.1103/PhysRevLett.113.250601},
  url = {https://link.aps.org/doi/10.1103/PhysRevLett.113.250601}
}

@article{chakraborty2018,
  title = {Power-law tails and non-Markovian dynamics in open quantum systems: An exact solution from Keldysh field theory},
  author = {Chakraborty, Ahana and Sensarma, Rajdeep},
  journal = {Phys. Rev. B},
  volume = {97},
  issue = {10},
  pages = {104306},
  numpages = {16},
  year = {2018},
  month = {3},
  publisher = {American Physical Society},
  doi = {10.1103/PhysRevB.97.104306},
  url = {https://link.aps.org/doi/10.1103/PhysRevB.97.104306}
}

@article{chang2007,
  title = {Supersymmetric twin Higgs mechanism},
  author = {Chang, Spencer and Hall, Lawrence and Weiner, Neal},
  journal = {Phys. Rev. D},
  volume = {75},
  issue = {3},
  pages = {035009},
  numpages = {11},
  year = {2007},
  month = {2},
  publisher = {American Physical Society},
  doi = {10.1103/PhysRevD.75.035009},
  url = {https://link.aps.org/doi/10.1103/PhysRevD.75.035009}
}

@article{chan2013,
  title    = "Overview on Solid 4He and the Issue of Supersolidity",
  author   = "Chan, M H W and Hallock, R B and Reatto, L",
  journal  = "Journal of Low Temperature Physics",
  volume   =  172,
  number   =  5,
  pages    = "317--363",
  month    =  sep,
  year     =  2013
}
	
@Article{Chavez2016,
   title = {Classical chaos in atom-field systems},
  author = {Ch\'avez-Carlos, J. and Bastarrachea-Magnani, M. A. and Lerma-Hern\'andez, S. and Hirsch, J. G.},
  journal = {Phys. Rev. E},
  volume = {94},
  issue = {2},
  pages = {022209},
  numpages = {12},
  year = {2016},
  month = {8},
  publisher = {American Physical Society},
  doi = {10.1103/PhysRevE.94.022209},
  url = {https://link.aps.org/doi/10.1103/PhysRevE.94.022209}
}

@book{Chelpanova2025,
 address={Mainz},
 title={Dissipative phases in open quantum systems},
 DOI={10.25358/openscience-11691},
 school={Johannes Gutenberg-Universität Mainz},
 author={Chelpanova, Oksana},
 year={2025},
 keywords={530 Physics},
 language={eng}
}


@article{Chen2006,
	doi = {10.1088/0953-4075/39/16/014},
    url = {https://dx.doi.org/10.1088/0953-4075/39/16/014},
    year = {2006},
    month = {8},
    publisher = {},
    volume = {39},
    number = {16},
    pages = {3315},
    author = {Gang Chen and Dingfeng Zhao and Zidong Chen},
    title = {Quantum phase transition for the Dicke model with the dipole–dipole interactions},
    journal = {Journal of Physics B: Atomic, Molecular and Optical Physics}
}
	
@article{Chen2007,
	doi = {10.1209/0295-5075/80/40004},
	url = {https://doi.org/10.1209/0295-5075/80/40004},
	year = 2007,
	month = {10},
	publisher = {{IOP} Publishing},
	volume = {80},
	number = {4},
	pages = {40004},
	author = {Gang Chen and Zidong Chen and J.-Q. Liang},
	title = {Ground-state properties for coupled Bose-Einstein condensates inside a cavity quantum electrodynamics},
	journal = {Europhysics Letters ({EPL})}}
	
@article{Chen2008,
  title = {Exotic quantum phase transitions in a Bose-Einstein condensate coupled to an optical cavity},
  author = {Chen, Gang and Wang, Xiaoguang and Liang, J.-Q. and Wang, Z. D.},
  journal = {Phys. Rev. A},
  volume = {78},
  issue = {2},
  pages = {023634},
  numpages = {5},
  year = {2008},
  month = {8},
  publisher = {American Physical Society},
  doi = {10.1103/PhysRevA.78.023634},
  url = {https://link.aps.org/doi/10.1103/PhysRevA.78.023634}}


@article{Chen08,
  title = {Numerically exact solution to the finite-size Dicke model},
  author = {Chen, Q.-H. and Zhang, Y.-Y. and Liu, T. and Wang, K.-L.},
  journal = {Phys. Rev. A},
  volume = {78},
  issue = {5},
  pages = {051801},
  numpages = {4},
  year = {2008},
  month = {11},
  publisher = {American Physical Society},
  doi = {10.1103/PhysRevA.78.051801},
  url = {https://link.aps.org/doi/10.1103/PhysRevA.78.051801}
}

@article{Chen2009,
author = {Gang Chen and J. -Q. Liang and Suotang Jia},
journal = {Opt. Express},
keywords = {Quantum electrodynamics; Bose-Einstein condensates ; Atoms; Berry phase; Bose Einstein condensates; Magnetic fields; Quantum information; Quantum wells},
number = {22},
pages = {19682--19690},
publisher = {OSA},
title = {Interaction-induced Lipkin-Meshkov-Glick model in a Bose-Einstein condensate inside an optical cavity},
volume = {17},
month = {10},
year = {2009},
url = {http://opg.optica.org/oe/abstract.cfm?URI=oe-17-22-19682},
doi = {10.1364/OE.17.019682}}

@article{Chen2010,
  title = {Quantum phase transitions in coupled two-level atoms in a single-mode cavity},
  author = {Chen, Qing-Hu and Liu, Tao and Zhang, Yu-Yu and Wang, Ke-Lin},
  journal = {Phys. Rev. A},
  volume = {82},
  issue = {5},
  pages = {053841},
  numpages = {6},
  year = {2010},
  month = {11},
  publisher = {American Physical Society},
  doi = {10.1103/PhysRevA.82.053841},
  url = {https://link.aps.org/doi/10.1103/PhysRevA.82.053841}}


@article{Chen2012,
   title = {Exact solvability of the quantum Rabi model using Bogoliubov operators},
  author = {Chen, Qing-Hu and Wang, Chen and He, Shu and Liu, Tao and Wang, Ke-Lin},
  journal = {Phys. Rev. A},
  volume = {86},
  issue = {2},
  pages = {023822},
  numpages = {7},
  year = {2012},
  month = {8},
  publisher = {American Physical Society},
  doi = {10.1103/PhysRevA.86.023822},
  url = {https://link.aps.org/doi/10.1103/PhysRevA.86.023822}
}

@article{chiacchio2018,
  title = {Emergence of continuous rotational symmetries in ultracold atoms coupled to optical cavities},
  author = {Chiacchio, E. I. Rodr\'{\i}guez and Nunnenkamp, A.},
  journal = {Phys. Rev. A},
  volume = {98},
  issue = {2},
  pages = {023617},
  numpages = {8},
  year = {2018},
  month = {8},
  publisher = {American Physical Society},
  doi = {10.1103/PhysRevA.98.023617},
  url = {https://link.aps.org/doi/10.1103/PhysRevA.98.023617}
}

@article{Chilingaryan2013,
doi = {10.1088/1751-8113/46/33/335301},
url = {https://dx.doi.org/10.1088/1751-8113/46/33/335301},
year = {2013},
month = {7},
publisher = {IOP Publishing},
volume = {46},
number = {33},
pages = {335301},
author = {Chilingaryan, S A and Rodríguez-Lara, B M},
title = {The quantum Rabi model for two qubits},
journal = {Journal of Physics A: Mathematical and Theoretical}
}

@article{chin2006,
  title = {Coherent-incoherent transition in the sub-Ohmic spin-boson model},
  author = {Chin, Alex and Turlakov, Misha},
  journal = {Phys. Rev. B},
  volume = {73},
  issue = {7},
  pages = {075311},
  numpages = {11},
  year = {2006},
  month = {2},
  publisher = {American Physical Society},
  doi = {10.1103/PhysRevB.73.075311},
  url = {https://link.aps.org/doi/10.1103/PhysRevB.73.075311}
}

@article{chin2010,
  title = {Feshbach resonances in ultracold gases},
  author = {Chin, Cheng and Grimm, Rudolf and Julienne, Paul and Tiesinga, Eite},
  journal = {Rev. Mod. Phys.},
  volume = {82},
  issue = {2},
  pages = {1225--1286},
  numpages = {0},
  year = {2010},
  month = {4},
  publisher = {American Physical Society},
  doi = {10.1103/RevModPhys.82.1225},
  url = {https://link.aps.org/doi/10.1103/RevModPhys.82.1225}
}


@article{Chirolli12,
  title = {Drude Weight, Cyclotron Resonance, and the Dicke Model of Graphene Cavity QED},
  author = {Chirolli, Luca and Polini, Marco and Giovannetti, Vittorio and MacDonald, Allan H.},
  journal = {Phys. Rev. Lett.},
  volume = {109},
  issue = {26},
  pages = {267404},
  numpages = {5},
  year = {2012},
  month = {12},
  publisher = {American Physical Society},
  doi = {10.1103/PhysRevLett.109.267404},
  url = {https://link.aps.org/doi/10.1103/PhysRevLett.109.267404}
}

@article{ciuti2005,
  title = {Quantum vacuum properties of the intersubband cavity polariton field},
  author = {Ciuti, Cristiano and Bastard, G\'erald and Carusotto, Iacopo},
  journal = {Phys. Rev. B},
  volume = {72},
  issue = {11},
  pages = {115303},
  numpages = {9},
  year = {2005},
  month = {9},
  publisher = {American Physical Society},
  doi = {10.1103/PhysRevB.72.115303},
  url = {https://link.aps.org/doi/10.1103/PhysRevB.72.115303}
}

@ARTICLE{Clerk2020,
  title    = "Hybrid quantum systems with circuit quantum electrodynamics",
  author   = "Clerk, A A and Lehnert, K W and Bertet, P and Petta, J R and
              Nakamura, Y",
  journal  = "Nature Physics",
  volume   =  16,
  number   =  3,
  pages    = "257--267",
  month    =  mar,
  year     =  2020
}



@book{cohen1989,
  title={Photons and atoms-introduction to quantum electrodynamics},
  author={Cohen-Tannoudji, Claude and Dupont-Roc, Jacques and Grynberg, Gilbert},
  year={1997}
}

@article{collett2013,
  title    = "Zeeman Splitting and Nonlinear {Field-Dependence} in Superfluid
              3He",
  author   = "Collett, C A and Pollanen, J and Li, J I A and Gannon, W J and
              Halperin, W P",
  journal  = "Journal of Low Temperature Physics",
  volume   =  171,
  number   =  3,
  pages    = "214--219",
  month    =  may,
  year     =  2013
}

@article{Cong16,
author = {Kankan Cong and Qi Zhang and Yongrui Wang and G. Timothy Noe and Alexey Belyanin and Junichiro Kono},
journal = {J. Opt. Soc. Am. B},
keywords = {Spectroscopy, semiconductors; Ultrafast phenomena; Spectroscopy, teraherz},
number = {7},
pages = {C80--C101},
publisher = {OSA},
title = {Dicke superradiance in solids},
volume = {33},
month = {7},
year = {2016},
url = {http://josab.osa.org/abstract.cfm?URI=josab-33-7-C80},
doi = {10.1364/JOSAB.33.000C80}
}

@article{crespi2012,
  title = {Photonic Realization of the Quantum Rabi Model},
  author = {Crespi, A. and Longhi, S. and Osellame, R.},
  journal = {Phys. Rev. Lett.},
  volume = {108},
  issue = {16},
  pages = {163601},
  numpages = {5},
  year = {2012},
  month = {Apr},
  publisher = {American Physical Society},
  doi = {10.1103/PhysRevLett.108.163601},
  url = {https://link.aps.org/doi/10.1103/PhysRevLett.108.163601}
}

@article{crisp1992,
  title = {Application of the displaced oscillator basis in quantum optics},
  author = {Crisp, Michael D.},
  journal = {Phys. Rev. A},
  volume = {46},
  issue = {7},
  pages = {4138--4149},
  numpages = {0},
  year = {1992},
  month = {10},
  publisher = {American Physical Society},
  doi = {10.1103/PhysRevA.46.4138},
  url = {https://link.aps.org/doi/10.1103/PhysRevA.46.4138}
}

%%%%%D

@article{damanet2019,
  title = {Atom-only descriptions of the driven-dissipative Dicke model},
  author = {Damanet, Fran\ifmmode \mbox{\c{c}}\else \c{c}\fi{}ois and Daley, Andrew J. and Keeling, Jonathan},
  journal = {Phys. Rev. A},
  volume = {99},
  issue = {3},
  pages = {033845},
  numpages = {10},
  year = {2019},
  month = {3},
  publisher = {American Physical Society},
  doi = {10.1103/PhysRevA.99.033845},
  url = {https://link.aps.org/doi/10.1103/PhysRevA.99.033845}
}

@article{das2024,
  title = {Dicke model with disordered spin-boson couplings},
  author = {Das, Pragna and W\"uster, Sebastian and Sharma, Auditya},
  journal = {Phys. Rev. A},
  volume = {109},
  issue = {1},
  pages = {013715},
  numpages = {11},
  year = {2024},
  month = {1},
  publisher = {American Physical Society},
  doi = {10.1103/PhysRevA.109.013715},
  url = {https://link.aps.org/doi/10.1103/PhysRevA.109.013715}
}

@article{daskalakis2015,
  title = {Spatial Coherence and Stability in a Disordered Organic Polariton Condensate},
  author = {Daskalakis, K. S. and Maier, S. A. and K\'ena-Cohen, S.},
  journal = {Phys. Rev. Lett.},
  volume = {115},
  issue = {3},
  pages = {035301},
  numpages = {5},
  year = {2015},
  month = {7},
  publisher = {American Physical Society},
  doi = {10.1103/PhysRevLett.115.035301},
  url = {https://link.aps.org/doi/10.1103/PhysRevLett.115.035301}
}

@Article{Deaguiar1991,
  doi = {10.1209/0295-5075/15/2/003},
    url = {https://dx.doi.org/10.1209/0295-5075/15/2/003},
    year = {1991},
    month = {5},
    publisher = {},
    volume = {15},
    number = {2},
    pages = {125},
    author = {M. A. M. de Aguiar and  K. Furuya and  C. H. Lewenkopf and  M. C. Nemes},
    title = {Particle-Spin Coupling in a Chaotic System: Localization-Delocalization in the Husimi Distributions},
    journal = {Europhysics Letters}
}

@Article{Deaguiar1992,
  author  = {M.A.M de Aguiar and K Furuya and C.H Lewenkopf and M.C Nemes},
  title   = {Chaos in a spin-boson system: Classical analysis},
  doi     = {https://doi.org/10.1016/0003-4916(92)90178-O},
  issn    = {0003-4916},
  number  = {2},
  pages   = {291 - 312},
  url     = {http://www.sciencedirect.com/science/article/pii/000349169290178O},
  volume  = {216},
  journal = {Ann. Phys.},
  year    = {1992}}


@book{DeaMann2005,
  title={Introductory Quantum Mechanics for Applied Nanotechnology},
  author={Dea Mann Kim},
  year={2005},
  pages={167-177},
  publisher={Wiley VCH}
}


@article{DeBernardis2018,
  title = {Cavity quantum electrodynamics in the nonperturbative regime},
  author = {De Bernardis, Daniele and Jaako, Tuomas and Rabl, Peter},
  journal = {Phys. Rev. A},
  volume = {97},
  issue = {4},
  pages = {043820},
  numpages = {18},
  year = {2018},
  month = {4},
  publisher = {American Physical Society},
  doi = {10.1103/PhysRevA.97.043820},
  url = {https://link.aps.org/doi/10.1103/PhysRevA.97.043820}}

@article{debnath2015,
doi = {10.1088/0253-6102/64/1/39},
url = {https://dx.doi.org/10.1088/0253-6102/64/1/39},
year = {2015},
month = {7},
publisher = {Chinese Physical Society and IOP Publishing},
volume = {64},
number = {1},
pages = {39},
author = {Debnath, Kamanasish and Bhattacherjee, Aranya B.},
title = {Non-equilibrium Dynamics of an Optomechanical Dicke Model},
journal = {Communications in Theoretical Physics}
}


@article{DelCampo2014,
  author = {del Campo, Adolfo and Zurek, Wojciech H.},
    title = {Universality of phase transition dynamics: Topological defects from symmetry breaking},
    journal = {International Journal of Modern Physics A},
    volume = {29},
    number = {08},
    pages = {1430018},
    year = {2014},
    doi = {10.1142/S0217751X1430018X},
    URL = {https://doi.org/10.1142/S0217751X1430018X},
    eprint = {https://doi.org/10.1142/S0217751X1430018X}
}

@article{deng2023,
   title = {Self-ordered supersolid phase beyond Dicke superradiance in a ring cavity},
  author = {Deng, Yuangang and Yi, Su},
  journal = {Phys. Rev. Res.},
  volume = {5},
  issue = {1},
  pages = {013002},
  numpages = {13},
  year = {2023},
  month = {1},
  publisher = {American Physical Society},
  doi = {10.1103/PhysRevResearch.5.013002},
  url = {https://link.aps.org/doi/10.1103/PhysRevResearch.5.013002}
}

@article{
devoret2013,
author = {M. H. Devoret  and R. J. Schoelkopf },
title = {Superconducting Circuits for Quantum Information: An Outlook},
journal = {Science},
volume = {339},
number = {6124},
pages = {1169-1174},
year = {2013},
doi = {10.1126/science.1231930},
URL = {https://www.science.org/doi/abs/10.1126/science.1231930},
eprint = {https://www.science.org/doi/pdf/10.1126/science.1231930},
abstract = {The performance of superconducting qubits has improved by several orders of magnitude in the past decade. These circuits benefit from the robustness of superconductivity and the Josephson effect, and at present they have not encountered any hard physical limits. However, building an error-corrected information processor with many such qubits will require solving specific architecture problems that constitute a new field of research. For the first time, physicists will have to master quantum error correction to design and operate complex active systems that are dissipative in nature, yet remain coherent indefinitely. We offer a view on some directions for the field and speculate on its future.}}


@article{DiBello2024-2,
    author = "Di Bello, G.",
    title = "{Dynamics of open quantum systems: From the Rabi model to coupled qubits}",
    doi = "10.1393/ncc/i2024-24255-0",
    journal = "Nuovo Cim. C",
    volume = "47",
    number = "5",
    pages = "255",
    year = "2024"
}

@ARTICLE{dibello2024,
  title    = "Environment induced dynamical quantum phase transitions in
              two-qubit Rabi model",
  author   = "Di Bello, Grazia and Ponticelli, Andrea and Pavan, Fabrizio and
              Cataudella, Vittorio and De Filippis, Giulio and de Candia,
              Antonio and Perroni, Carmine Antonio",
  journal  = "Communications Physics",
  volume   =  7,
  number   =  1,
  pages    = "364",
  month    =  nov,
  year     =  2024,
    url = {https://www.nature.com/articles/s42005-024-01855-8#citeas}
}

@ARTICLE{dicarlo2009,
  title    = "Demonstration of two-qubit algorithms with a superconducting
              quantum processor",
  author   = "DiCarlo, L and Chow, J M and Gambetta, J M and Bishop, Lev S and
              Johnson, B R and Schuster, D I and Majer, J and Blais, A and
              Frunzio, L and Girvin, S M and Schoelkopf, R J",
  abstract = "By exploiting two key aspects of quantum mechanics --- the
              superposition and entanglement of physical states --- quantum
              computers may eventually outperform their classical equivalents.
              A team based at Yale has achieved an important step towards that
              goal --- the demonstration of the first solid-state quantum
              processor, which was used to execute two quantum algorithms.
              Quantum processors based on a few quantum bits have been
              demonstrated before using nuclear magnetic resonance, cold ion
              traps and optical systems, all of which bear little resemblance
              to conventional computers. This new processor is based on
              superconducting quantum circuits fabricated using conventional
              nanofabrication technology. There is still a long way to go
              before quantum computers can challenge the classical type. The
              processor is very basic, containing just two quantum bits, and
              operates at a fraction of a degree above absolute zero. But the
              chip contains all the essential features of a miniature working
              quantum computer and may prove scalable to more quantum bits and
              more complex algorithms.",
  journal  = "Nature",
  volume   =  460,
  number   =  7252,
  pages    = "240--244",
  month    =  jul,
  year     =  2009
}

@article{Dicke54,
  title = {Coherence in Spontaneous Radiation Processes},
  author = {Dicke, R. H.},
  journal = {Phys. Rev.},
  volume = {93},
  issue = {1},
  pages = {99--110},
  numpages = {0},
  year = {1954},
  month = {1},
  publisher = {American Physical Society},
  doi = {10.1103/PhysRev.93.99},
  url = {https://link.aps.org/doi/10.1103/PhysRev.93.99}
}

@ARTICLE{Diehl2008,
  title    = "Quantum states and phases in driven open quantum systems with
              cold atoms",
  author   = "Diehl, S and Micheli, A and Kantian, A and Kraus, B and
              B{\"u}chler, H P and Zoller, P",
  journal  = "Nature Physics",
  volume   =  4,
  number   =  11,
  pages    = "878--883",
  month    =  nov,
  year     =  2008
}


@article{Dimer2007,
  title = {Proposed realization of the Dicke-model quantum phase transition in an optical cavity QED system},
  author = {Dimer, F. and Estienne, B. and Parkins, A. S. and Carmichael, H. J.},
  journal = {Phys. Rev. A},
  volume = {75},
  issue = {1},
  pages = {013804},
  numpages = {14},
  year = {2007},
  month = {1},
  publisher = {American Physical Society},
  doi = {10.1103/PhysRevA.75.013804},
  url = {https://link.aps.org/doi/10.1103/PhysRevA.75.013804}
}


@article{donnelly1993,
  author = {{Donnelly}, Russell J.},
        title = "{Quantum vortices and turbulence in helium ii}",
      journal = {Annual Review of Fluid Mechanics},
     keywords = {Fluid Dynamics, Liquid Helium 2, Superfluidity, Turbulence, Vortices, High Reynolds Number, Onsager Relationship, Two Fluid Models, Fluid Mechanics and Heat Transfer},
         year = 1993,
        month = jan,
       volume = {25},
        pages = {325-371},
          doi = {10.1146/annurev.fl.25.010193.001545},
       adsurl = {https://ui.adsabs.harvard.edu/abs/1993AnRFM..25..325D},
      adsnote = {Provided by the SAO/NASA Astrophysics Data System}
}

@article{duan2015,
title = {Concise analytic solutions to the quantum Rabi model with two arbitrary qubits},
journal = {Annals of Physics},
volume = {355},
pages = {121-129},
year = {2015},
issn = {0003-4916},
doi = {https://doi.org/10.1016/j.aop.2015.02.003},
url = {https://www.sciencedirect.com/science/article/pii/S000349161500038X},
author = {Liwei Duan and Shu He and Qing-Hu Chen},
keywords = {Two-qubit quantum Rabi model, Analytic solution, Extended coherent state}
}

@article{dunnet2016,
  title = {Keldysh field theory for nonequilibrium condensation in a parametrically pumped polariton system},
  author = {Dunnett, K. and Szyma{\'n}ska, M. H.},
  journal = {Phys. Rev. B},
  volume = {93},
  issue = {19},
  pages = {195306},
  numpages = {15},
  year = {2016},
  month = {5},
  publisher = {American Physical Society},
  doi = {10.1103/PhysRevB.93.195306},
  url = {https://link.aps.org/doi/10.1103/PhysRevB.93.195306}
}


@article{Dusuel04,
  title = {Finite-Size Scaling Exponents of the {L}ipkin-Meshkov-Glick Model},
  author = {Dusuel, S. and Vidal, J.},
  journal = {Phys. Rev. Lett.},
  volume = {93},
  issue = {23},
  pages = {237204},
  numpages = {4},
  year = {2004},
  month = {12},
  publisher = {American Physical Society},
  doi = {10.1103/PhysRevLett.93.237204},
  url = {https://link.aps.org/doi/10.1103/PhysRevLett.93.237204}
}	

@article{Dusuel05,
  title = {Continuous unitary transformations and finite-size scaling exponents in the Lipkin-Meshkov-Glick model},
  author = {Dusuel, S\'ebastien and Vidal, Julien},
  journal = {Phys. Rev. B},
  volume = {71},
  issue = {22},
  pages = {224420},
  numpages = {18},
  year = {2005},
  month = {6},
  publisher = {American Physical Society},
  doi = {10.1103/PhysRevB.71.224420},
  url = {https://link.aps.org/doi/10.1103/PhysRevB.71.224420}
}


%%%%%E

@article{eisfeld2005,
    author = {Eisfeld, A. and Braun, L. and Strunz, W. T. and Briggs, J. S. and Beck, J. and Engel, V.},
    title = {Vibronic energies and spectra of molecular dimers},
    journal = {The Journal of Chemical Physics},
    volume = {122},
    number = {13},
    pages = {134103},
    year = {2005},
    month = {04},
    issn = {0021-9606},
    doi = {10.1063/1.1861883}
}

@article{emary2003quantum,
  title = {Quantum Chaos Triggered by Precursors of a Quantum Phase Transition: The Dicke Model},
  author = {Emary, Clive and Brandes, Tobias},
  journal = {Phys. Rev. Lett.},
  volume = {90},
  issue = {4},
  pages = {044101},
  numpages = {4},
  year = {2003},
  month = {1},
  publisher = {American Physical Society},
  doi = {10.1103/PhysRevLett.90.044101},
  url = {https://link.aps.org/doi/10.1103/PhysRevLett.90.044101}
}

@article{endres2012,
  title    = "The `Higgs' amplitude mode at the two-dimensional superfluid/Mott
              insulator transition",
  author   = "Endres, Manuel and Fukuhara, Takeshi and Pekker, David and
              Cheneau, Marc and Schau$\beta$, Peter and Gross, Christian and
              Demler, Eugene and Kuhr, Stefan and Bloch, Immanuel",
  abstract = "A `Higgs' mode, signifying the breaking of a continuous symmetry
              in a model with emergent Lorentz invariance, is found close to
              the transition to the Mott insulating phase in a two-dimensional
              neutral superfluid.",
  journal  = "Nature",
  volume   =  487,
  number   =  7408,
  pages    = "454--458",
  month    =  jul,
  year     =  2012,
  url = "https://www.nature.com/articles/nature11255#citeas"
}


@article{endres2012c,
  title={C. Gross, E. Demler, S. Kuhrm, I. Bloch},
  author={Endres, M and Fukuhara, T and Pekker, D and Cheneau, M and Schau, P},
  journal={Nature},
  volume={487},
  pages={454},
  year={2012}
}

@article{Engelhardt15,
  title = {Excited-state quantum phase transitions and periodic dynamics},
  author = {Engelhardt, G. and Bastidas, V. M. and Kopylov, W. and Brandes, T.},
  journal = {Phys. Rev. A},
  volume = {91},
  issue = {1},
  pages = {013631},
  numpages = {8},
  year = {2015},
  month = {1},
  publisher = {American Physical Society},
  doi = {10.1103/PhysRevA.91.013631},
  url = {https://link.aps.org/doi/10.1103/PhysRevA.91.013631}
}

@article{englert1964,
  title = {Broken Symmetry and the Mass of Gauge Vector Mesons},
  author = {Englert, F. and Brout, R.},
  journal = {Phys. Rev. Lett.},
  volume = {13},
  issue = {9},
  pages = {321--323},
  numpages = {0},
  year = {1964},
  month = {8},
  publisher = {American Physical Society},
  doi = {10.1103/PhysRevLett.13.321},
  url = {https://link.aps.org/doi/10.1103/PhysRevLett.13.321}
}

@ARTICLE{englund2007,
  title    = "Controlling cavity reflectivity with a single quantum dot",
  author   = "Englund, Dirk and Faraon, Andrei and Fushman, Ilya and Stoltz,
              Nick and Petroff, Pierre and Vu{\v c}kovi{\'c}, Jelena",
  journal  = "Nature",
  volume   =  450,
  number   =  7171,
  pages    = "857--861",
  month    =  dec,
  year     =  2007
}



@article{eastham2001,
  title = {Bose condensation of cavity polaritons beyond the linear regime: The thermal equilibrium of a model microcavity},
  author = {Eastham, P. R. and Littlewood, P. B.},
  journal = {Phys. Rev. B},
  volume = {64},
  issue = {23},
  pages = {235101},
  numpages = {12},
  year = {2001},
  month = {11},
  publisher = {American Physical Society},
  doi = {10.1103/PhysRevB.64.235101},
  url = {https://link.aps.org/doi/10.1103/PhysRevB.64.235101}
}

@book{eves1980,
  title={Elementary matrix theory},
  author={Eves, Howard Whitley},
  year={1980},
  publisher={Courier Corporation}
}

%%%%%F

@article{Fan2014,
    title = {Hidden continuous symmetry and Nambu-Goldstone mode in a two-mode Dicke model},
    author = {Fan, Jingtao and Yang, Zhiwei and Zhang, Yuanwei and Ma, Jie and Chen, Gang and Jia, Suotang},
    journal = {Phys. Rev. A},
    volume = {89},
    issue = {2},
    pages = {023812},  
    numpages = {9},
    year = {2014},
    month = {2},  
    publisher = {American Physical Society},
    doi = {10.1103/PhysRevA.89.023812},
    url = {https://link.aps.org/doi/10.1103/PhysRevA.89.023812}}

@Article{Fazio2025,
  title={{Many-body open quantum systems}},
  author={Rosario Fazio and Jonathan Keeling and Leonardo Mazza and Marco Schirò},
  journal={SciPost Phys. Lect. Notes},
  pages={99},
  year={2025},
  publisher={SciPost},
  doi={10.21468/SciPostPhysLectNotes.99},
  url={https://scipost.org/10.21468/SciPostPhysLectNotes.99},
}


@article{fedorov2010,
  title = {Strong Coupling of a Quantum Oscillator to a Flux Qubit at Its Symmetry Point},
  author = {Fedorov, A. and Feofanov, A. K. and Macha, P. and Forn-D\'{\i}az, P. and Harmans, C. J. P. M. and Mooij, J. E.},
  journal = {Phys. Rev. Lett.},
  volume = {105},
  issue = {6},
  pages = {060503},
  numpages = {4},
  year = {2010},
  month = {8},
  publisher = {American Physical Society},
  doi = {10.1103/PhysRevLett.105.060503},
  url = {https://link.aps.org/doi/10.1103/PhysRevLett.105.060503}
}

@article{feigelman2000,
  title = {Keldysh action for disordered superconductors},
  author = {Feigel{'}man, M. V. and Larkin, A. I. and Skvortsov, M. A.},
  journal = {Phys. Rev. B},
  volume = {61},
  issue = {18},
  pages = {12361--12388},
  numpages = {0},
  year = {2000},
  month = {5},
  publisher = {American Physical Society},
  doi = {10.1103/PhysRevB.61.12361},
  url = {https://link.aps.org/doi/10.1103/PhysRevB.61.12361}
}


@article{feranchuk1996,
doi = {10.1088/0305-4470/29/14/026},
url = {https://dx.doi.org/10.1088/0305-4470/29/14/026},
year = {1996},
month = {7},
publisher = {},
volume = {29},
number = {14},
pages = {4035},
author = {I D Feranchuk and L I Komarov and A P Ulyanenkov},
title = {Two-level system in a one-mode quantum field: numerical solution on the basis of the operator method},
journal = {Journal of Physics A: Mathematical and General},
abstract = {Accurate eigenvalues and eigenfunctions of a two-level system interacting with a one-mode quantum field are calculated numerically. A special iteration procedure based on the operator method permits one to consider the solution within a wide range of the Hamiltonian parameters and to find the uniformly approximating analytical formula for the eigenvalues. Characteristic features of the model are considered, such as the level intersections, the population of the field states and the chaotization in the system through the doubling of the frequencies.}
}


@book{Fetter2003,
  place={New York},
  title={Quantum Theory of Many-Particle Systems},
  publisher={Dover Publications},
  author={A.L. Fetter, J.D. Walecka}, 
  year={2003}}

@article{fink2009,
    title = {Dressed Collective Qubit States and the Tavis-Cummings Model in Circuit QED},
  author = {Fink, J. M. and Bianchetti, R. and Baur, M. and G\"oppl, M. and Steffen, L. and Filipp, S. and Leek, P. J. and Blais, A. and Wallraff, A.},
  journal = {Phys. Rev. Lett.},
  volume = {103},
  issue = {8},
  pages = {083601},
  numpages = {4},
  year = {2009},
  month = {8},
  publisher = {American Physical Society},
  doi = {10.1103/PhysRevLett.103.083601},
  url = {https://link.aps.org/doi/10.1103/PhysRevLett.103.083601}
}

@article{fiorelli2020,
  title = {Signatures of Associative Memory Behavior in a Multimode Dicke Model},
  author = {Fiorelli, Eliana and Marcuzzi, Matteo and Rotondo, Pietro and Carollo, Federico and Lesanovsky, Igor},
  journal = {Phys. Rev. Lett.},
  volume = {125},
  issue = {7},
  pages = {070604},
  numpages = {6},
  year = {2020},
  month = {8},
  publisher = {American Physical Society},
  doi = {10.1103/PhysRevLett.125.070604},
  url = {https://link.aps.org/doi/10.1103/PhysRevLett.125.070604}
}


@article{fiutak1963,
 author = {Fiutak, J.},
title = {THE MULTIPOLE EXPANSION IN QUANTUM THEORY},
journal = {Canadian Journal of Physics},
volume = {41},
number = {1},
pages = {12-20},
year = {1963},
doi = {10.1139/p63-002},
URL = {https://doi.org/10.1139/p63-002},
eprint = {https://doi.org/10.1139/p63-002}
}

@article{FornDiaz2010,
  title = {Observation of the Bloch-Siegert Shift in a Qubit-Oscillator System in the Ultrastrong Coupling Regime},
  author = {Forn-D\'{\i}az, P. and Lisenfeld, J. and Marcos, D. and Garc\'{\i}a-Ripoll, J. J. and Solano, E. and Harmans, C. J. P. M. and Mooij, J. E.},
  journal = {Phys. Rev. Lett.},
  volume = {105},
  issue = {23},
  pages = {237001},
  numpages = {4},
  year = {2010},
  month = {11},
  publisher = {American Physical Society},
  doi = {10.1103/PhysRevLett.105.237001},
  url = {https://link.aps.org/doi/10.1103/PhysRevLett.105.237001}
}

@ARTICLE{FornDiaz2017,
  title    = "Ultrastrong coupling of a single artificial atom to an
              electromagnetic continuum in the nonperturbative regime",
  author   = "Forn-D{\'\i}az, P and Garc{\'\i}a-Ripoll, J J and Peropadre, B
              and Orgiazzi, J-L and Yurtalan, M A and Belyansky, R and Wilson,
              C M and Lupascu, A",
  abstract = "A superconducting artificial atom coupled to a 1D waveguide tests
              the limits of light--matter interaction in an unexplored coupling
              regime, which may enable new perspectives for quantum
              technologies.",
  journal  = "Nature Physics",
  volume   =  13,
  number   =  1,
  pages    = "39--43",
  month    =  jan,
  year     =  2017
}


@article{FornDiaz2019,
  title = {Ultrastrong coupling regimes of light-matter interaction},
  author = {Forn-D\'{\i}az, P. and Lamata, L. and Rico, E. and Kono, J. and Solano, E.},
  journal = {Rev. Mod. Phys.},
  volume = {91},
  issue = {2},
  pages = {025005},
  numpages = {48},
  year = {2019},
  month = {6},
  publisher = {American Physical Society},
  doi = {10.1103/RevModPhys.91.025005},
  url = {https://link.aps.org/doi/10.1103/RevModPhys.91.025005}}

@book{fradkin2013,
  title={Field theories of condensed matter physics},
  author={Fradkin, Eduardo},
  year={2013},
  publisher={Cambridge University Press}
}

@Article{FriskKockum2019,
author={Frisk Kockum, Anton
and Miranowicz, Adam
and De Liberato, Simone
and Savasta, Salvatore
and Nori, Franco},
title={Ultrastrong coupling between light and matter},
journal={Nature Reviews Physics},
year={2019},
month={1},
day={01},
volume={1},
number={1},
pages={19-40},
abstract={Light--matter coupling with strength comparable to the bare transition frequencies of the system is called ultrastrong. This Review surveys how experiments have realized ultrastrong coupling in the past decade, the new phenomena predicted in this regime and the applications it enables.},
issn={2522-5820},
doi={10.1038/s42254-018-0006-2},
url={https://doi.org/10.1038/s42254-018-0006-2}}

  
@article{Furuya1992,
author = {{Furuya}, K. and {de Aguiar}, M.~A.~M. and {Lewenkopf}, C.~H. and {Nemes}, M.~C.},
        title = "{Husimi distributions of a spin-boson system and the signatures of its classical dynamics}",
      journal = {Annals of Physics},
         year = 1992,
        month = jun,
       volume = {216},
       number = {2},
        pages = {313-322},
          doi = {10.1016/0003-4916(92)90179-P},
       adsurl = {https://ui.adsabs.harvard.edu/abs/1992AnPhy.216..313F},
      adsnote = {Provided by the SAO/NASA Astrophysics Data System}
}

%%%%%G

@ARTICLE{Gan2010,
  title    = "Dynamics of a two-level system coupled to a quantum oscillator:
              transformed rotating-wave approximation",
  author   = "Gan, C J and Zheng, H",
  journal  = "The European Physical Journal D",
  volume   =  59,
  number   =  3,
  pages    = "473--478",
  month    =  sep,
  year     =  2010,
  url = "https://link.springer.com/article/10.1140/epjd/e2010-00182-8#citeas"
}

@article{gan2019,
  author="Gan, Woon Siong",
title="Spontaneous Symmetry Breaking and Phonon as the Goldstone Mode",
bookTitle="Gauge Invariance Approach to Acoustic Fields",
year="2019",
publisher="Springer Singapore",
address="Singapore",
pages="59--62",
abstract="First is the Introduction to spontaneous symmetry breaking. Continuous symmetry is explained followed by phonon as a Goldstone mode and then Goldstone's theorem.",
isbn="978-981-13-8751-7",
doi="10.1007/978-981-13-8751-7_11",
url="https://doi.org/10.1007/978-981-13-8751-7_11"
}


@article{Garbe2017,
  title = {Superradiant phase transition in the ultrastrong-coupling regime of the two-photon Dicke model},
  author = {Garbe, L. and Egusquiza, I. L. and Solano, E. and Ciuti, C. and Coudreau, T. and Milman, P. and Felicetti, S.},
  journal = {Phys. Rev. A},
  volume = {95},
  issue = {5},
  pages = {053854},
  numpages = {10},
  year = {2017},
  month = {5},
  publisher = {American Physical Society},
  doi = {10.1103/PhysRevA.95.053854},
  url = {https://link.aps.org/doi/10.1103/PhysRevA.95.053854}}

@Article{Garbe2020,
title    = "Dissipation-induced bistability in the two-photon Dicke model",
  author   = "Garbe, Louis and Wade, Peregrine and Minganti, Fabrizio and
              Shammah, Nathan and Felicetti, Simone and Nori, Franco",
  journal  = "Scientific Reports",
  volume   =  10,
  number   =  1,
  pages    = "13408",
  month    =  aug,
  year     =  2020
}

@article{Garcia2003,
  title = {Speed Optimized Two-Qubit Gates with Laser Coherent Control Techniques for Ion Trap Quantum Computing},
  author = {Garc\'{\i}a-Ripoll, J. J. and Zoller, P. and Cirac, J. I.},
  journal = {Phys. Rev. Lett.},
  volume = {91},
  issue = {15},
  pages = {157901},
  numpages = {4},
  year = {2003},
  month = {10},
  publisher = {American Physical Society},
  doi = {10.1103/PhysRevLett.91.157901},
  url = {https://link.aps.org/doi/10.1103/PhysRevLett.91.157901}
}

@article{GarciaRamos17,
  title = {Excited-state quantum phase transitions in a two-fluid Lipkin model},
  author = {Garc\'{\i}a-Ramos, J. E. and P\'erez-Fern\'andez, P. and Arias, J. M.},
  journal = {Phys. Rev. C},
  volume = {95},
  issue = {5},
  pages = {054326},
  numpages = {15},
  year = {2017},
  month = {5},
  publisher = {American Physical Society},
  doi = {10.1103/PhysRevC.95.054326},
  url = {https://link.aps.org/doi/10.1103/PhysRevC.95.054326}
}

@article{Gardas2011,
doi = {10.1088/1751-8113/44/19/195301},
url = {https://dx.doi.org/10.1088/1751-8113/44/19/195301},
year = {2011},
month = {apr},
publisher = {},
volume = {44},
number = {19},
pages = {195301},
author = {Gardas, Bartłomiej},
title = {Exact solution of the Schrödinger equation with the spin-boson Hamiltonian},
journal = {Journal of Physics A: Mathematical and Theoretical}}

@article{Garraway2011,
author = {Garraway, Barry M. },
title = {The Dicke model in quantum optics: Dicke model revisited},
journal = {Philosophical Transactions of the Royal Society A: Mathematical, Physical and Engineering Sciences},
volume = {369},
number = {1939},
pages = {1137-1155},
year = {2011},
doi = {10.1098/rsta.2010.0333},
URL = {https://royalsocietypublishing.org/doi/abs/10.1098/rsta.2010.0333}
}


@article{gazit2013,
 title = {Fate of the Higgs Mode Near Quantum Criticality},
  author = {Gazit, Snir and Podolsky, Daniel and Auerbach, Assa},
  journal = {Phys. Rev. Lett.},
  volume = {110},
  issue = {14},
  pages = {140401},
  numpages = {5},
  year = {2013},
  month = {4},
  publisher = {American Physical Society},
  doi = {10.1103/PhysRevLett.110.140401},
  url = {https://link.aps.org/doi/10.1103/PhysRevLett.110.140401}
}

@book{gemmer2009,
	place={Berlin},
	title={Quantum Thermodynamics. Lecture Notes in Physics Vol. 784},
	publisher={Springer-Verlag},
	author={Gemmer J. and Michel M. and Mahler G.}, 
	year={2009}}


@book{gerry2005,
  title={Introductory quantum optics},
  author={Gerry, Christopher and Knight, Peter and Knight, Peter L},
  year={2005},
  publisher={Cambridge university press}
}

@article{gessner2016,
    title = {Semiclassical excited-state signatures of quantum phase transitions in spin chains with variable-range interactions},
  author = {Gessner, Manuel and Bastidas, Victor Manuel and Brandes, Tobias and Buchleitner, Andreas},
  journal = {Phys. Rev. B},
  volume = {93},
  issue = {15},
  pages = {155153},
  numpages = {20},
  year = {2016},
  month = {4},
  publisher = {American Physical Society},
  doi = {10.1103/PhysRevB.93.155153},
  url = {https://link.aps.org/doi/10.1103/PhysRevB.93.155153}
}

@article{gilmore1978,
  title = {Relation between the equilibrium and nonequilibrium critical properties of the Dicke model},
  author = {Gilmore, R. and Narducci, L. M.},
  journal = {Phys. Rev. A},
  volume = {17},
  issue = {5},
  pages = {1747--1760},
  numpages = {0},
  year = {1978},
  month = {5},
  publisher = {American Physical Society},
  doi = {10.1103/PhysRevA.17.1747},
  url = {https://link.aps.org/doi/10.1103/PhysRevA.17.1747}
}


@article{gilmore1983,
  title = {Coherent states for bosons and fermions: A tutorial},
    journal = {Progress in Particle and Nuclear Physics},
    volume = {9},
    pages = {479-494},
    year = {1983},
    issn = {0146-6410},
    doi = {https://doi.org/10.1016/0146-6410(83)90028-5},
    url = {https://www.sciencedirect.com/science/article/pii/0146641083900285},
    author = {Robert Gilmore and Da {Hsuan Feng}},
}


@article{Gilmore1990,
  title = {Coherent states: Theory and some applications},
  author = {Zhang, Wei-Min and Feng, Da Hsuan and Gilmore, Robert},
  journal = {Rev. Mod. Phys.},
  volume = {62},
  issue = {4},
  pages = {867--927},
  numpages = {0},
  year = {1990},
  month = {10},
  publisher = {American Physical Society},
  doi = {10.1103/RevModPhys.62.867},
  url = {https://link.aps.org/doi/10.1103/RevModPhys.62.867}}


@article{giuriato2019,
title    = "Interaction between active particles and quantum vortices leading
              to Kelvin wave generation",
  author   = "Giuriato, Umberto and Krstulovic, Giorgio",
  journal  = "Scientific Reports",
  volume   =  9,
  number   =  1,
  pages    = "4839",
  month    =  mar,
  year     =  2019
}

@article{Glick65,
  title = {Validity of many-body approximation methods for a solvable model: (III). Diagram summations},
  author = {Glick, A. J. and Lipkin, H. J. and Meshkov, N.},
  journal = {Nuclear Physics},
  volume = {62},
  number = {2},
  pages = {211 - 224},
  year = {1965},
  issn = {0029-5582},
  doi = {https://doi.org/10.1016/0029-5582(65)90864-3},
  url = {http://www.sciencedirect.com/science/article/pii/0029558265908643}
}

@article{godfrey1999,
  title = {Light-meson spectroscopy},
  author = {Godfrey, Stephen and Napolitano, Jim},
  journal = {Rev. Mod. Phys.},
  volume = {71},
  issue = {5},
  pages = {1411--1462},
  numpages = {0},
  year = {1999},
  month = {10},
  publisher = {American Physical Society},
  doi = {10.1103/RevModPhys.71.1411},
  url = {https://link.aps.org/doi/10.1103/RevModPhys.71.1411}
}

@book{goldstein2011,
  title={Classical mechanics},
  author={Goldstein, Herbert},
  year={2011},
  publisher={Pearson Education India}
}

@article{goldstone1961,
  author = "Goldstone, J.",
    title = "{Field Theories with Superconductor Solutions}",
    doi = "10.1007/BF02812722",
    journal = "Nuovo Cim.",
    volume = "19",
    pages = "154--164",
    year = "1961"
}

@article{goldstone1962,
    title = {Broken Symmetries},
  author = {Goldstone, Jeffrey and Salam, Abdus and Weinberg, Steven},
  journal = {Phys. Rev.},
  volume = {127},
  issue = {3},
  pages = {965--970},
  numpages = {0},
  year = {1962},
  month = {8},
  publisher = {American Physical Society},
  doi = {10.1103/PhysRev.127.965},
  url = {https://link.aps.org/doi/10.1103/PhysRev.127.965}
}

@article{gonzalez2021,
  title = {Distant emitters in ultrastrong waveguide QED: Ground-state properties and non-Markovian dynamics},
  author = {Gonz\'alez-Guti\'errez, Carlos A. and Rom\'an-Roche, Juan and Zueco, David},
  journal = {Phys. Rev. A},
  volume = {104},
  issue = {5},
  pages = {053701},
  numpages = {14},
  year = {2021},
  month = {11},
  publisher = {American Physical Society},
  doi = {10.1103/PhysRevA.104.053701},
  url = {https://link.aps.org/doi/10.1103/PhysRevA.104.053701}
}

@article{gonzalez2021-2,
  title = {Distant emitters in ultrastrong waveguide QED: Ground-state properties and non-Markovian dynamics},
  author = {Gonz\'alez-Guti\'errez, Carlos A. and Rom\'an-Roche, Juan and Zueco, David},
  journal = {Phys. Rev. A},
  volume = {104},
  issue = {5},
  pages = {053701},
  numpages = {14},
  year = {2021},
  month = {11},
  publisher = {American Physical Society},
  doi = {10.1103/PhysRevA.104.053701},
  url = {https://link.aps.org/doi/10.1103/PhysRevA.104.053701}
}


@ARTICLE{graham1984,
  title    = "Two-state system coupled to a boson mode: Quantum dynamics and
              classical approximations",
  author   = "Graham, R and H{\"o}hnerbach, M",
  journal  = "Zeitschrift f{\"u}r Physik B Condensed Matter",
  volume   =  57,
  number   =  3,
  pages    = "233--248",
  month    =  sep,
  year     =  1984
}

@ARTICLE{Grifoni1999,
  title    = "Dissipation, decoherence and preparation effects in the
              spin-boson system",
  author   = "Grifoni, M and Paladino, E and Weiss, U",
  journal  = "The European Physical Journal B - Condensed Matter and Complex
              Systems",
  volume   =  10,
  number   =  4,
  pages    = "719--729",
  month    =  jun,
  year     =  1999
}


@article{grimaudo2023,
  title = {Quantum Phase Transitions for an Integrable Quantum Rabi-like Model with Two Interacting Qubits},
  author = {Grimaudo, R. and de Castro, A. S. Magalh\~aes and Messina, A. and Solano, E. and Valenti, D.},
  journal = {Phys. Rev. Lett.},
  volume = {130},
  issue = {4},
  pages = {043602},
  numpages = {6},
  year = {2023},
  month = {1},
  publisher = {American Physical Society},
  doi = {10.1103/PhysRevLett.130.043602},
  url = {https://link.aps.org/doi/10.1103/PhysRevLett.130.043602}
}

@article{Grimsmo2013,
doi = {10.1088/0953-4075/46/22/224012},
url = {https://doi.org/10.1088/0953-4075/46/22/224012},
year = {2013},
month = {11},
publisher = {IOP Publishing},
volume = {46},
number = {22},
pages = {224012},
author = {Grimsmo, A L and Parkins, A S},
title = {Dissipative Dicke model with nonlinear atom–photon interaction},
journal = {Journal of Physics B: Atomic, Molecular and Optical Physics}
}



@misc{gripaios2015,
      title={Lectures on Effective Field Theory}, 
      author={Ben Gripaios},
      year={2015},
      eprint={1506.05039},
      archivePrefix={arXiv},
      primaryClass={hep-ph},
      url={https://arxiv.org/abs/1506.05039}, 
}



@book{groot1984,
	place={New York},
	title={Non--Equilibrium Thermodynamics},
	publisher={Dover Publications},
	author={Groot, S. R. and Mazur P.}, 
	year={1984}}


@article{gross1982,
  title = {Superradiance: An essay on the theory of collective spontaneous emission},
    journal = {Physics Reports},
    volume = {93},
    number = {5},
    pages = {301-396},
    year = {1982},
    issn = {0370-1573},
    doi = {https://doi.org/10.1016/0370-1573(82)90102-8},
    url = {https://www.sciencedirect.com/science/article/pii/0370157382901028},
    author = {M. Gross and S. Haroche}
}

@article{guo2020,
  title = {Oscillating bound states for a giant atom},
  author = {Guo, Lingzhen and Kockum, Anton Frisk and Marquardt, Florian and Johansson, G\"oran},
  journal = {Phys. Rev. Res.},
  volume = {2},
  issue = {4},
  pages = {043014},
  numpages = {15},
  year = {2020},
  month = {10},
  publisher = {American Physical Society},
  doi = {10.1103/PhysRevResearch.2.043014},
  url = {https://link.aps.org/doi/10.1103/PhysRevResearch.2.043014}
}


@article{guralnik1964,
    title = {Global Conservation Laws and Massless Particles},
  author = {Guralnik, G. S. and Hagen, C. R. and Kibble, T. W. B.},
  journal = {Phys. Rev. Lett.},
  volume = {13},
  issue = {20},
  pages = {585--587},
  numpages = {0},
  year = {1964},
  month = {11},
  publisher = {American Physical Society},
  doi = {10.1103/PhysRevLett.13.585},
  url = {https://link.aps.org/doi/10.1103/PhysRevLett.13.585}
}

@article{gutzwiller1992,
    title     = "Quantum Chaos",
  author    = "Gutzwiller, Martin C",
  journal   = "Scientific American",
  publisher = "Scientific American, a division of Nature America, Inc.",
  volume    =  266,
  number    =  1,
  pages     = "78--85",
  year      =  1992,
url = "https://www.jstor.org/stable/24938902"
}

%%%%%H

@article{haack2010,
  title = {Resonant quantum gates in circuit quantum electrodynamics},
  author = {Haack, G. and Helmer, F. and Mariantoni, M. and Marquardt, F. and Solano, E.},
  journal = {Phys. Rev. B},
  volume = {82},
  issue = {2},
  pages = {024514},
  numpages = {6},
  year = {2010},
  month = {7},
  publisher = {American Physical Society},
  doi = {10.1103/PhysRevB.82.024514},
  url = {https://link.aps.org/doi/10.1103/PhysRevB.82.024514}
}

@book{Haake2018,
  title = {Quantum Signatures of Chaos},
  author = {Haake, Fritz and Gnutzmann, Sven and Ku\'{s}, Marek},
  year = {2018},
  publisher = {Springer}}

@article{Hagenmuller12,
  title = {Cavity QED of the Graphene Cyclotron Transition},
  author = {Hagenm\"uller, David and Ciuti, Cristiano},
  journal = {Phys. Rev. Lett.},
  volume = {109},
  issue = {26},
  pages = {267403},
  numpages = {5},
  year = {2012},
  month = {12},
  publisher = {American Physical Society},
  doi = {10.1103/PhysRevLett.109.267403},
  url = {https://link.aps.org/doi/10.1103/PhysRevLett.109.267403}
}

@article{Halati2020,
  title = {Numerically Exact Treatment of Many-Body Self-Organization in a Cavity},
  author = {Halati, Catalin-Mihai and Sheikhan, Ameneh and Ritsch, Helmut and Kollath, Corinna},
  journal = {Phys. Rev. Lett.},
  volume = {125},
  issue = {9},
  pages = {093604},
  numpages = {6},
  year = {2020},
  month = {8},
  publisher = {American Physical Society},
  doi = {10.1103/PhysRevLett.125.093604},
  url = {https://link.aps.org/doi/10.1103/PhysRevLett.125.093604}
}


@ARTICLE{Hao2007,
  title    = "Entanglement generation in trapped atoms",
  author   = "Hao, X and Zhu, S",
  abstract = "The two atoms in the ion trap are entangled by the
              interactionwith an external excited atom. The evolution of the
              entanglementis analytically derived without the decoherence.
              Considering thespontaneous decay from the environment, the
              evolution of theentanglement is similar to the damping Rabi
              oscillation. Thegeneration of entanglement is induced by the
              dipole-dipole typeinteraction of atoms. It is found that the
              entanglement of twotrapped atoms is robust with the uniform
              interaction with theexternal atom. The collective spontaneous
              emission from thecoupling between the atoms may enhance the
              entanglement.",
  journal  = "The European Physical Journal D",
  volume   =  41,
  number   =  1,
  pages    = "199--203",
  month    =  jan,
  year     =  2007
}

@article{haroche1982,
title = {Superradiance: An essay on the theory of collective spontaneous emission},
journal = {Physics Reports},
volume = {93},
number = {5},
pages = {301-396},
year = {1982},
issn = {0370-1573},
doi = {https://doi.org/10.1016/0370-1573(82)90102-8},
url = {https://www.sciencedirect.com/science/article/pii/0370157382901028},
author = {M. Gross and S. Haroche}
}

@book{haroche2006,
  title={Exploring the quantum: atoms, cavities, and photons},
  author={Haroche, Serge and Raimond, J-M},
  year={2006},
  publisher={Oxford university press}
}

@article{hayashida2023,
    title    = "Perfect intrinsic squeezing at the superradiant phase transition
              critical point",
  author   = "Hayashida, Kenji and Makihara, Takuma and Marquez Peraca, Nicolas
              and Fallas Padilla, Diego and Pu, Han and Kono, Junichiro and
              Bamba, Motoaki",
  journal  = "Scientific Reports",
  volume   =  13,
  number   =  1,
  pages    = "2526",
  month    =  feb,
  year     =  2023,
url = "https://www.nature.com/articles/s41598-023-29202-x"
}

@article{henriet2014,
  title = {Quantum dynamics of the driven and dissipative Rabi model},
  author = {Henriet, Lo\"{\i}c and Ristivojevic, Zoran and Orth, Peter P. and Le Hur, Karyn},
  journal = {Phys. Rev. A},
  volume = {90},
  issue = {2},
  pages = {023820},
  numpages = {12},
  year = {2014},
  month = {8},
  publisher = {American Physical Society},
  doi = {10.1103/PhysRevA.90.023820},
  url = {https://link.aps.org/doi/10.1103/PhysRevA.90.023820}
}

@article{Heiss05,
  author={W D Heiss and F G Scholtz and H B Geyer},
  title={The large N behaviour of the Lipkin model and exceptional points},
  journal={Journal of Physics A: Mathematical and General},
  volume={38},
  number={9},
  pages={1843},
  url={http://stacks.iop.org/0305-4470/38/i=9/a=002},
  year={2005},
}

@article{Heiss06,
    doi = {10.1088/0305-4470/39/32/S10},
    url = {https://dx.doi.org/10.1088/0305-4470/39/32/S10},
    year = {2006},
    month = {7},
    publisher = {},
    volume = {39},
    number = {32},
    pages = {10081},
    author = {W D Heiss},
    title = {On the thermodynamic limit of the Lipkin model},
    journal = {Journal of Physics A: Mathematical and General}
}	

@article{Hepp73,
  title = {On the superradiant phase transition for molecules in a quantized radiation field: the dicke maser model},
  author = {Hepp, K. and Lieb, E. H.},
  journal = {Annals of Physics},
  volume = {76},
  number = {2},
  pages = {360 - 404},
  year = {1973},
  issn = {0003-4916},
  doi = {https://doi.org/10.1016/0003-4916(73)90039-0},
  url = {http://www.sciencedirect.com/science/article/pii/0003491673900390}
}

@article{herfort2001,
doi = {10.1088/0953-8984/13/14/306},
url = {https://dx.doi.org/10.1088/0953-8984/13/14/306},
year = {2001},
month = {apr},
publisher = {},
volume = {13},
number = {14},
pages = {3297},
author = {U Herfort and M Wagner},
title = {Quantum dynamics of the prototype polaron model},
journal = {Journal of Physics: Condensed Matter}
}


@Article{Herrera2022,
    AUTHOR = {Herrera Romero, Ricardo and Bastarrachea-Magnani, Miguel Angel and Linares, Román},
    TITLE = {Critical Phenomena in Light–Matter Systems with Collective Matter Interactions},
    JOURNAL = {Entropy},
    VOLUME = {24},
    YEAR = {2022},
    NUMBER = {9},
    ARTICLE-NUMBER = {1198},
    URL = {https://www.mdpi.com/1099-4300/24/9/1198},
    PubMedID = {36141084},
    ISSN = {1099-4300}}
DOI = {10.3390/e24091198}
}


@article{herrera2024,
  AUTHOR = {Herrera Romero, Ricardo and Bastarrachea-Magnani, Miguel Angel},
    TITLE = {Phase and Amplitude Modes in the Anisotropic Dicke Model with Matter Interactions},
    JOURNAL = {Entropy},
    VOLUME = {26},
    YEAR = {2024},
    NUMBER = {7},
    ARTICLE-NUMBER = {574},
    URL = {https://www.mdpi.com/1099-4300/26/7/574},
    PubMedID = {39056936},
    ISSN = {1099-4300}}
    DOI = {10.3390/e26070574}
}

@article{Heyl2018,
	doi = {10.1088/1361-6633/aaaf9a},
url = {https://dx.doi.org/10.1088/1361-6633/aaaf9a},
year = {2018},
month = {4},
publisher = {IOP Publishing},
volume = {81},
number = {5},
pages = {054001},
author = {Markus Heyl},
title = {Dynamical quantum phase transitions: a review},
journal = {Reports on Progress in Physics}
}

@article{higgs1964,
  title = {Broken Symmetries and the Masses of Gauge Bosons},
  author = {Higgs, Peter W.},
  journal = {Phys. Rev. Lett.},
  volume = {13},
  issue = {16},
  pages = {508--509},
  numpages = {0},
  year = {1964},
  month = {10},
  publisher = {American Physical Society},
  doi = {10.1103/PhysRevLett.13.508},
  url = {https://link.aps.org/doi/10.1103/PhysRevLett.13.508}
}

@article{hioe1973,
    title = {Phase Transitions in Some Generalized Dicke Models of Superradiance},
  author = {Hioe, F. T.},
  journal = {Phys. Rev. A},
  volume = {8},
  issue = {3},
  pages = {1440--1445},
  numpages = {0},
  year = {1973},
  month = {9},
  publisher = {American Physical Society},
  doi = {10.1103/PhysRevA.8.1440},
  url = {https://link.aps.org/doi/10.1103/PhysRevA.8.1440}
}

@article{Hirsch2013,
    doi = {10.1088/0031-8949/87/03/038106},
    url = {https://dx.doi.org/10.1088/0031-8949/87/03/038106},
    year = {2013},
    month = {2},
    publisher = {IOP Publishing},
    volume = {87},
    number = {3},
    pages = {038106},
    author = {Jorge G Hirsch and Octavio Castaños and Ramón López-Peña and Eduardo Nahmad-Achar},
    title = {Virtues and limitations of the truncated Holstein–Primakoff description of quantum rotors},
    journal = {Physica Scripta}
}

@book{hoddeson1997,
  title={The rise of the standard model: A history of particle physics from 1964 to 1979},
  author={Hoddeson, Lillian and Riordan, Michael and Dresden, Max},
  year={1997},
  publisher={Cambridge University Press}
}

@article{horikoshi2010,
author = {Munekazu Horikoshi  and Shuta Nakajima  and Masahito Ueda  and Takashi Mukaiyama },
title = {Measurement of Universal Thermodynamic Functions for a Unitary Fermi Gas},
journal = {Science},
volume = {327},
number = {5964},
pages = {442-445},
year = {2010},
doi = {10.1126/science.1183012},
URL = {https://www.science.org/doi/abs/10.1126/science.1183012},
eprint = {https://www.science.org/doi/pdf/10.1126/science.1183012}
}

@article{hosur2016,
  title    = "Chaos in quantum channels",
  author   = "Hosur, Pavan and Qi, Xiao-Liang and Roberts, Daniel A and
              Yoshida, Beni",
  journal  = "Journal of High Energy Physics",
  volume   =  2016,
  number   =  2,
  pages    = "4",
  month    =  feb,
  year     =  2016
}

@article{hua2014,
  title = {Universal quantum gates on microwave photons assisted by circuit quantum electrodynamics},
  author = {Hua, Ming and Tao, Ming-Jie and Deng, Fu-Guo},
  journal = {Phys. Rev. A},
  volume = {90},
  issue = {1},
  pages = {012328},
  numpages = {8},
  year = {2014},
  month = {7},
  publisher = {American Physical Society},
  doi = {10.1103/PhysRevA.90.012328},
  url = {https://link.aps.org/doi/10.1103/PhysRevA.90.012328}
}


@article{huang2023,
    title = {Modulation-based superradiant phase transition in the strong-coupling regime},
  author = {Huang, Jin-Feng and Tian, Lin},
  journal = {Phys. Rev. A},
  volume = {107},
  issue = {6},
  pages = {063713},
  numpages = {10},
  year = {2023},
  month = {6},
  publisher = {American Physical Society},
  doi = {10.1103/PhysRevA.107.063713},
  url = {https://link.aps.org/doi/10.1103/PhysRevA.107.063713}
}
}

@article{hwang2016,
  title = {Quantum Phase Transition in the Finite Jaynes-Cummings Lattice Systems},
  author = {Hwang, Myung-Joong and Plenio, Martin B.},
  journal = {Phys. Rev. Lett.},
  volume = {117},
  issue = {12},
  pages = {123602},
  numpages = {5},
  year = {2016},
  month = {9},
  publisher = {American Physical Society},
  doi = {10.1103/PhysRevLett.117.123602},
  url = {https://link.aps.org/doi/10.1103/PhysRevLett.117.123602}
}

@article{hwang2018,
  title = {Dissipative phase transition in the open quantum Rabi model},
  author = {Hwang, Myung-Joong and Rabl, Peter and Plenio, Martin B.},
  journal = {Phys. Rev. A},
  volume = {97},
  issue = {1},
  pages = {013825},
  numpages = {12},
  year = {2018},
  month = {1},
  publisher = {American Physical Society},
  doi = {10.1103/PhysRevA.97.013825},
  url = {https://link.aps.org/doi/10.1103/PhysRevA.97.013825}
}

%%%%%I

@article{imamog1996,
  title = {Nonequilibrium condensates and lasers without inversion: Exciton-polariton lasers},
  author = {Imamog\ifmmode\bar\else\textasciimacron\fi{}lu, A. and Ram, R. J. and Pau, S. and Yamamoto, Y.},
  journal = {Phys. Rev. A},
  volume = {53},
  issue = {6},
  pages = {4250--4253},
  numpages = {0},
  year = {1996},
  month = {6},
  publisher = {American Physical Society},
  doi = {10.1103/PhysRevA.53.4250},
  url = {https://link.aps.org/doi/10.1103/PhysRevA.53.4250}
}

@article{irish2005,
  title = {Dynamics of a two-level system strongly coupled to a high-frequency quantum oscillator},
  author = {Twyeffort Irish, E. K. and Gea-Banacloche, J. and Martin, I. and Schwab, K. C.},
  journal = {Phys. Rev. B},
  volume = {72},
  issue = {19},
  pages = {195410},
  numpages = {14},
  year = {2005},
  month = {11},
  publisher = {American Physical Society},
  doi = {10.1103/PhysRevB.72.195410},
  url = {https://link.aps.org/doi/10.1103/PhysRevB.72.195410}
}

@article{irish2007,
  title = {Generalized Rotating-Wave Approximation for Arbitrarily Large Coupling},
  author = {Twyeffort Irish, E. K.},
  journal = {Phys. Rev. Lett.},
  volume = {99},
  issue = {17},
  pages = {173601},
  numpages = {4},
  year = {2007},
  month = {10},
  publisher = {American Physical Society},
  doi = {10.1103/PhysRevLett.99.173601},
  url = {https://link.aps.org/doi/10.1103/PhysRevLett.99.173601}
}

@article{ishizaki2009,
    author = {Ishizaki, Akihito and Fleming, Graham R.},
    title = {On the adequacy of the Redfield equation and related approaches to the study of quantum dynamics in electronic energy transfer},
    journal = {The Journal of Chemical Physics},
    volume = {130},
    number = {23},
    pages = {234110},
    year = {2009},
    month = {06},
    issn = {0021-9606},
    doi = {10.1063/1.3155214},
    url = {https://doi.org/10.1063/1.3155214},
    eprint = {https://pubs.aip.org/aip/jcp/article-pdf/doi/10.1063/1.3155214/13131389/234110\_1\_online.pdf},
}

@article{itano1995cooling,
doi = {10.1088/0031-8949/1995/T59/013},
url = {https://dx.doi.org/10.1088/0031-8949/1995/T59/013},
year = {1995},
month = {1},
publisher = {},
volume = {1995},
number = {T59},
pages = {106},
author = {Wayne M Itano and  J C Bergquist and  J J Bollinger and  D J Wineland},
title = {Cooling methods in ion traps},
journal = {Physica Scripta}
}

@article{ivanov2015,
  title = {Quantum Sensors Assisted by Spontaneous Symmetry Breaking for Detecting Very Small Forces},
  author = {Ivanov, Peter A. and Singer, Kilian and Vitanov, Nikolay V. and Porras, Diego},
  journal = {Phys. Rev. Appl.},
  volume = {4},
  issue = {5},
  pages = {054007},
  numpages = {7},
  year = {2015},
  month = {11},
  publisher = {American Physical Society},
  doi = {10.1103/PhysRevApplied.4.054007},
  url = {https://link.aps.org/doi/10.1103/PhysRevApplied.4.054007}
}

%%%%%J


@article{Jaako2016,
  title = {Ultrastrong-coupling phenomena beyond the Dicke model},
  author = {Jaako, Tuomas and Xiang, Ze-Liang and Garcia-Ripoll, Juan Jos\'e and Rabl, Peter},
  journal = {Phys. Rev. A},
  volume = {94},
  issue = {3},
  pages = {033850},
  numpages = {10},
  year = {2016},
  month = {9},
  publisher = {American Physical Society},
  doi = {10.1103/PhysRevA.94.033850},
  url = {https://link.aps.org/doi/10.1103/PhysRevA.94.033850}
}

@article{jaeger1998,
  title    = "The Ehrenfest Classification of Phase Transitions: Introduction
              and Evolution",
  author   = "Jaeger, Gregg",
  journal  = "Archive for History of Exact Sciences",
  volume   =  53,
  number   =  1,
  pages    = "51--81",
  month    =  may,
  year     =  1998,
url = "https://link.springer.com/article/10.1007/s004070050021"
}

@article{jager2024,
  title = {Dissipative Dicke time crystals: An atom's point of view},
  author = {J\"ager, Simon B. and Giesen, Jan Mathis and Schneider, Imke and Eggert, Sebastian},
  journal = {Phys. Rev. A},
  volume = {110},
  issue = {1},
  pages = {L010202},
  numpages = {6},
  year = {2024},
  month = {7},
  publisher = {American Physical Society},
  doi = {10.1103/PhysRevA.110.L010202},
  url = {https://link.aps.org/doi/10.1103/PhysRevA.110.L010202}
}

@article{jain2017,
  title    = "Higgs mode and its decay in a two-dimensional antiferromagnet",
  author   = "Jain, A and Krautloher, M and Porras, J and Ryu, G H and Chen, D
              P and Abernathy, D L and Park, J T and Ivanov, A and Chaloupka, J
              and Khaliullin, G and Keimer, B and Kim, B J",
  journal  = "Nature Physics",
  volume   =  13,
  number   =  7,
  pages    = "633--637",
  month    =  jul,
  year     =  2017,
url = "https://www.nature.com/articles/nphys4077"
}

@article{jarzynski2015,
  title = {Quantum-Classical Correspondence Principle for Work Distributions},
  author = {Jarzynski, Christopher and Quan, H. T. and Rahav, Saar},
  journal = {Phys. Rev. X},
  volume = {5},
  issue = {3},
  pages = {031038},
  numpages = {17},
  year = {2015},
  month = {9},
  publisher = {American Physical Society},
  doi = {10.1103/PhysRevX.5.031038},
  url = {https://link.aps.org/doi/10.1103/PhysRevX.5.031038}
}

@ARTICLE{Jaynes1963,
  author={Jaynes, E.T. and Cummings, F.W.},
  journal={Proceedings of the IEEE}, 
  title={Comparison of quantum and semiclassical radiation theories with application to the beam maser}, 
  year={1963},
  volume={51},
  number={1},
  pages={89-109},
  keywords={Quantum mechanics;Masers;Frequency;Electromagnetic radiation;Stability;Noise level;Electromagnetic fields;Tellurium;Energy exchange;Coherence},
  doi={10.1109/PROC.1963.1664}}



@incollection{Jens99,
author="Marklof, Jens",
editor="Hejhal, Dennis A.
and Friedman, Joel
and Gutzwiller, Martin C.
and Odlyzko, Andrew M.",
title="Theta Sums, Eisenstein Series, and the Semiclassical Dynamics of a Precessing Spin",
bookTitle="Emerging Applications of Number Theory",
year="1999",
publisher="Springer New York",
address="New York, NY",
pages="405--450",
isbn="978-1-4612-1544-8",
doi="10.1007/978-1-4612-1544-8_17",
url="https://doi.org/10.1007/978-1-4612-1544-8_17"
}

@article{jin1996,
  title = {Collective Excitations of a Bose-Einstein Condensate in a Dilute Gas},
  author = {Jin, D. S. and Ensher, J. R. and Matthews, M. R. and Wieman, C. E. and Cornell, E. A.},
  journal = {Phys. Rev. Lett.},
  volume = {77},
  issue = {3},
  pages = {420--423},
  numpages = {0},
  year = {1996},
  month = {7},
  publisher = {American Physical Society},
  doi = {10.1103/PhysRevLett.77.420},
  url = {https://link.aps.org/doi/10.1103/PhysRevLett.77.420}
}

@article{johansson2006,
  title = {Vacuum Rabi Oscillations in a Macroscopic Superconducting Qubit $LC$ Oscillator System},
  author = {Johansson, J. and Saito, S. and Meno, T. and Nakano, H. and Ueda, M. and Semba, K. and Takayanagi, H.},
  journal = {Phys. Rev. Lett.},
  volume = {96},
  issue = {12},
  pages = {127006},
  numpages = {4},
  year = {2006},
  month = {3},
  publisher = {American Physical Society},
  doi = {10.1103/PhysRevLett.96.127006},
  url = {https://link.aps.org/doi/10.1103/PhysRevLett.96.127006}
}

@book{jose1998,
  title={Classical dynamics: a contemporary approach},
  author={Jos{\'e}, Jorge V and Saletan, Eugene J},
  year={1998},
  publisher={Cambridge University Press}
}

@article{Joshi1991,
  title = {Effect of dipole interaction and phase-interrupting collisions on the collapse-and-revival phenomenon in the Jaynes-Cummings model},
  author = {Joshi, Amitabh and Puri, R. R. and Lawande, S. V.},
  journal = {Phys. Rev. A},
  volume = {44},
  issue = {3},
  pages = {2135--2140},
  numpages = {0},
  year = {1991},
  month = {8},
  publisher = {American Physical Society},
  doi = {10.1103/PhysRevA.44.2135},
  url = {https://link.aps.org/doi/10.1103/PhysRevA.44.2135}}

%%%%%K

@book{kamenev2023,
  title={Field theory of non-equilibrium systems},
  author={Kamenev, Alex},
  year={2023},
  publisher={Cambridge University Press}
}

@article{kasprzak2006,
  title    = "{Bose--Einstein} condensation of exciton polaritons",
  author   = "Kasprzak, J and Richard, M and Kundermann, S and Baas, A and
              Jeambrun, P and Keeling, J M J and Marchetti, F M and
              Szyma{\'n}ska, M H and Andr{\'e}, R and Staehli, J L and Savona,
              V and Littlewood, P B and Deveaud, B and Dang, Le Si",
  journal  = "Nature",
  volume   =  443,
  number   =  7110,
  pages    = "409--414",
  month    =  sep,
  year     =  2006
}

@article{kawaguchi2012,
title = {Spinor Bose–Einstein condensates},
journal = {Physics Reports},
volume = {520},
number = {5},
pages = {253-381},
year = {2012},
note = {Spinor Bose--Einstein condensates},
issn = {0370-1573},
doi = {https://doi.org/10.1016/j.physrep.2012.07.005},
url = {https://www.sciencedirect.com/science/article/pii/S0370157312002098},
author = {Yuki Kawaguchi and Masahito Ueda}
}

@article{Keeling2010,
  title = {Collective Dynamics of Bose-Einstein Condensates in Optical Cavities},
  author = {Keeling, J. and Bhaseen, M. J. and Simons, B. D.},
  journal = {Phys. Rev. Lett.},
  volume = {105},
  issue = {4},
  pages = {043001},
  numpages = {4},
  year = {2010},
  month = {7},
  publisher = {American Physical Society},
  doi = {10.1103/PhysRevLett.105.043001},
  url = {https://link.aps.org/doi/10.1103/PhysRevLett.105.043001}
}

@article{kipf2014,
  title = {Superradiance and collective gain in multimode optomechanics},
  author = {Kipf, T. and Agarwal, G. S.},
  journal = {Phys. Rev. A},
  volume = {90},
  issue = {5},
  pages = {053808},
  numpages = {6},
  year = {2014},
  month = {11},
  publisher = {American Physical Society},
  doi = {10.1103/PhysRevA.90.053808},
  url = {https://link.aps.org/doi/10.1103/PhysRevA.90.053808}
}

@article{kirton2017,
  title = {Suppressing and Restoring the Dicke Superradiance Transition by Dephasing and Decay},
  author = {Kirton, Peter and Keeling, Jonathan},
  journal = {Phys. Rev. Lett.},
  volume = {118},
  issue = {12},
  pages = {123602},
  numpages = {5},
  year = {2017},
  month = {3},
  publisher = {American Physical Society},
  doi = {10.1103/PhysRevLett.118.123602},
  url = {https://link.aps.org/doi/10.1103/PhysRevLett.118.123602}
}

@article{Kirton2018,
doi = {10.1088/1367-2630/aaa11d},
url = {https://doi.org/10.1088/1367-2630/aaa11d},
year = {2018},
month = {1},
publisher = {IOP Publishing},
volume = {20},
number = {1},
pages = {015009},
author = {Kirton, Peter and Keeling, Jonathan},
title = {Superradiant and lasing states in driven-dissipative Dicke models},
journal = {New Journal of Physics} 
}



@book{Klimov2009,
      title={A group-theoretical approach to quantum optics: models of atom-field interactions},
  author={Klimov, Andrei B and Chumakov, Sergei M},
  year={2009},
  publisher={John Wiley \& Sons}
}

@article{Klinder15,
author = {Jens Klinder  and Hans Keßler  and Matthias Wolke  and Ludwig Mathey  and Andreas Hemmerich },
title = {Dynamical phase transition in the open Dicke model},
journal = {Proceedings of the National Academy of Sciences},
volume = {112},
number = {11},
pages = {3290-3295},
year = {2015},
doi = {10.1073/pnas.1417132112},
URL = {https://www.pnas.org/doi/abs/10.1073/pnas.1417132112}}

@article{kockum2019,
   title={Ultrastrong coupling between light and matter},
   volume={1},
   ISSN={2522-5820},
   url={http://dx.doi.org/10.1038/s42254-018-0006-2},
   DOI={10.1038/s42254-018-0006-2},
   number={1},
   journal={Nature Reviews Physics},
   publisher={Springer Science and Business Media LLC},
   author={Frisk Kockum, Anton and Miranowicz, Adam and De Liberato, Simone and Savasta, Salvatore and Nori, Franco},
   year={2019},
   month=jan, pages={19–40} }

@article{Kopylov15,
doi = {10.1088/1367-2630/17/10/103031},
url = {https://dx.doi.org/10.1088/1367-2630/17/10/103031},
year = {2015},
month = {10},
publisher = {IOP Publishing},
volume = {17},
number = {10},
pages = {103031},
author = {Wassilij Kopylov and Tobias Brandes},
title = {Time delayed control of excited state quantum phase transitions in the Lipkin–Meshkov–Glick model},
journal = {New Journal of Physics}
}

@article{kroeze2019,
  title = {Dynamical Spin-Orbit Coupling of a Quantum Gas},
  author = {Kroeze, Ronen M. and Guo, Yudan and Lev, Benjamin L.},
  journal = {Phys. Rev. Lett.},
  volume = {123},
  issue = {16},
  pages = {160404},
  numpages = {6},
  year = {2019},
  month = {10},
  publisher = {American Physical Society},
  doi = {10.1103/PhysRevLett.123.160404},
  url = {https://link.aps.org/doi/10.1103/PhysRevLett.123.160404}
}

@misc{kurchan2000,
      title={A Quantum Fluctuation Theorem}, 
      author={Jorge Kurchan},
      year={2001},
      eprint={cond-mat/0007360},
      archivePrefix={arXiv},
      primaryClass={cond-mat.stat-mech},
      url={https://arxiv.org/abs/cond-mat/0007360}, 
}

@article{kutzelnigg1982,
 author = "Kutzelnigg, Werner",
    title = "{Quantum chemistry in Fock space. I. The universal wave and energy operators}",
    doi = "10.1063/1.444231",
    journal = "J. Chem. Phys.",
    volume = "77",
    number = "6",
    pages = "3081--3097",
    year = "1982"
}

%%%%%L

@ARTICLE{lahaye2009,
  title    = "Nanomechanical measurements of a superconducting qubit",
  author   = "LaHaye, M D and Suh, J and Echternach, P M and Schwab, K C and
              Roukes, M L",
  journal  = "Nature",
  volume   =  459,
  number   =  7249,
  pages    = "960--964",
  month    =  jun,
  year     =  2009
}

@ARTICLE{Lamata2017,
  title    = "Digital-analog quantum simulation of generalized Dicke models
              with superconducting circuits",
  author   = "Lamata, Lucas",
  journal  = "Scientific Reports",
  volume   =  7,
  number   =  1,
  pages    = "43768",
  month    =  mar,
  year     =  2017
}


@article{Lambert04,
  title = {Entanglement and the Phase Transition in Single-Mode Superradiance},
  author = {Lambert, Neill and Emary, Clive and Brandes, Tobias},
  journal = {Phys. Rev. Lett.},
  volume = {92},
  issue = {7},
  pages = {073602},
  numpages = {4},
  year = {2004},
  month = {2},
  publisher = {American Physical Society},
  doi = {10.1103/PhysRevLett.92.073602},
  url = {https://link.aps.org/doi/10.1103/PhysRevLett.92.073602}
}

@article{lang2016,
  title = {Critical relaxation with overdamped quasiparticles in open quantum systems},
  author = {Lang, Johannes and Piazza, Francesco},
  journal = {Phys. Rev. A},
  volume = {94},
  issue = {3},
  pages = {033628},
  numpages = {10},
  year = {2016},
  month = {9},
  publisher = {American Physical Society},
  doi = {10.1103/PhysRevA.94.033628},
  url = {https://link.aps.org/doi/10.1103/PhysRevA.94.033628}
}


@article{larson2007,
doi = {10.1088/0031-8949/76/2/007},
url = {https://dx.doi.org/10.1088/0031-8949/76/2/007},
year = {2007},
month = {7},
publisher = {},
volume = {76},
number = {2},
pages = {146},
author = {Larson, Jonas},
title = {Dynamics of the Jaynes–Cummings and Rabi models: old wine in new bottles},
journal = {Physica Scripta}
}


@article{Larson17,
doi = {10.1088/1751-8121/aa65dc},
url = {https://dx.doi.org/10.1088/1751-8121/aa65dc},
year = {2017},
month = {3},
publisher = {IOP Publishing},
volume = {50},
number = {17},
pages = {174002},
author = {Jonas Larson and Elinor K Irish},
title = {Some remarks on ‘superradiant’ phase transitions in light-matter systems},
journal = {Journal of Physics A: Mathematical and Theoretical}
}

@book{Larson2021,
 title={The Jaynes--Cummings model and its descendants: modern research directions},
  author={Larson, Jonas and Mavrogordatos, Themistoklis},
  year={2021},
  publisher={IoP Publishing}
}

@article{lawson1973,
  title = {Attenuation of Zero Sound and the Low-Temperature Transitions in Liquid $^{3}\mathrm{He}$},
  author = {Lawson, D. T. and Gully, W. J. and Goldstein, S. and Richardson, R. C. and Lee, D. M.},
  journal = {Phys. Rev. Lett.},
  volume = {30},
  issue = {12},
  pages = {541--544},
  numpages = {0},
  year = {1973},
  month = {3},
  publisher = {American Physical Society},
  doi = {10.1103/PhysRevLett.30.541},
  url = {https://link.aps.org/doi/10.1103/PhysRevLett.30.541}
}
    
@article{LeBoite2020,
author = {Le Boité, Alexandre},
title = {Theoretical Methods for Ultrastrong Light–Matter Interactions},
journal = {Advanced Quantum Technologies},
volume = {3},
number = {7},
pages = {1900140},
keywords = {cavity quantum electrodynamics, quantum optics, microscopic theory, ultrastrong coupling},
doi = {https://doi.org/10.1002/qute.201900140},
url = {https://onlinelibrary.wiley.com/doi/abs/10.1002/qute.201900140},
year = {2020}
}
    
@article{Lee2004,
  title = {First-Order Superradiant Phase Transitions in a Multiqubit Cavity System},
  author = {Lee, Chiu Fan and Johnson, Neil F.},
  journal = {Phys. Rev. Lett.},
  volume = {93},
  issue = {8},
  pages = {083001},
  numpages = {4},
  year = {2004},
  month = {8},
  publisher = {American Physical Society},
  doi = {10.1103/PhysRevLett.93.083001},
  url = {https://link.aps.org/doi/10.1103/PhysRevLett.93.083001}}

@article{lee2012,
    author = {Lee, Chee Kong and Moix, Jeremy and Cao, Jianshu},
    title = {Accuracy of second order perturbation theory in the polaron and variational polaron frames},
    journal = {The Journal of Chemical Physics},
    volume = {136},
    number = {20},
    pages = {204120},
    year = {2012},
    month = {05},
    issn = {0021-9606},
    doi = {10.1063/1.4722336},
    url = {https://doi.org/10.1063/1.4722336}
}

@article{leggett1970,
  title = {Can a Solid Be "Superfluid"?},
  author = {Leggett, A. J.},
  journal = {Phys. Rev. Lett.},
  volume = {25},
  issue = {22},
  pages = {1543--1546},
  numpages = {0},
  year = {1970},
  month = {11},
  publisher = {American Physical Society},
  doi = {10.1103/PhysRevLett.25.1543},
  url = {https://link.aps.org/doi/10.1103/PhysRevLett.25.1543}
}

@article{leggett1987,
  title = {Dynamics of the dissipative two-state system},
  author = {Leggett, A. J. and Chakravarty, S. and Dorsey, A. T. and Fisher, Matthew P. A. and Garg, Anupam and Zwerger, W.},
  journal = {Rev. Mod. Phys.},
  volume = {59},
  issue = {1},
  pages = {1--85},
  numpages = {0},
  year = {1987},
  month = {1},
  publisher = {American Physical Society},
  doi = {10.1103/RevModPhys.59.1},
  url = {https://link.aps.org/doi/10.1103/RevModPhys.59.1}
}

@article{leibfried2003,
  title = {Quantum dynamics of single trapped ions},
  author = {Leibfried, D. and Blatt, R. and Monroe, C. and Wineland, D.},
  journal = {Rev. Mod. Phys.},
  volume = {75},
  issue = {1},
  pages = {281--324},
  numpages = {0},
  year = {2003},
  month = {3},
  publisher = {American Physical Society},
  doi = {10.1103/RevModPhys.75.281},
  url = {https://link.aps.org/doi/10.1103/RevModPhys.75.281}
}

@article{Leichtle96,
  title = {Multilevel quantum beats: An analytical approach},
  author = {Leichtle, C. and Averbukh, I. Sh. and Schleich, W. P.},
  journal = {Phys. Rev. A},
  volume = {54},
  issue = {6},
  pages = {5299--5312},
  numpages = {0},
  year = {1996},
  month = {12},
  publisher = {American Physical Society},
  doi = {10.1103/PhysRevA.54.5299},
  url = {https://link.aps.org/doi/10.1103/PhysRevA.54.5299}
}

@article{leonard2017,
author = {Julian Léonard  and Andrea Morales  and Philip Zupancic  and Tobias Donner  and Tilman Esslinger },
title = {Monitoring and manipulating Higgs and Goldstone modes in a supersolid quantum gas},
journal = {Science},
volume = {358},
number = {6369},
pages = {1415-1418},
year = {2017},
doi = {10.1126/science.aan2608},
URL = {https://www.science.org/doi/abs/10.1126/science.aan2608}}
eprint = {https://www.science.org/doi/pdf/10.1126/science.aan2608}}

@article{lerario2017,
  title    = "Room-temperature superfluidity in a polariton condensate",
  author   = "Lerario, Giovanni and Fieramosca, Antonio and Barachati,
              F{\'a}bio and Ballarini, Dario and Daskalakis, Konstantinos S and
              Dominici, Lorenzo and De Giorgi, Milena and Maier, Stefan A and
              Gigli, Giuseppe and K{\'e}na-Cohen, St{\'e}phane and Sanvitto,
              Daniele",
  journal  = "Nature Physics",
  volume   =  13,
  number   =  9,
  pages    = "837--841",
  month    =  sep,
  year     =  2017
}

@article{leutwyler1994,
  title = {Nonrelativistic effective Lagrangians},
  author = {Leutwyler, H.},
  journal = {Phys. Rev. D},
  volume = {49},
  issue = {6},
  pages = {3033--3043},
  numpages = {0},
  year = {1994},
  month = {3},
  publisher = {American Physical Society},
  doi = {10.1103/PhysRevD.49.3033},
  url = {https://link.aps.org/doi/10.1103/PhysRevD.49.3033}
}

@article{Leyvraz05,
  title = {Large-$N$ Scaling Behavior of the Lipkin-Meshkov-Glick Model},
  author = {Leyvraz, F. and Heiss, W. D.},
  journal = {Phys. Rev. Lett.},
  volume = {95},
  issue = {5},
  pages = {050402},
  numpages = {4},
  year = {2005},
  month = {7},
  publisher = {American Physical Society},
  doi = {10.1103/PhysRevLett.95.050402},
  url = {https://link.aps.org/doi/10.1103/PhysRevLett.95.050402}
}

@article{li2009,
doi = {10.1088/1367-2630/11/11/113020},
url = {https://dx.doi.org/10.1088/1367-2630/11/11/113020},
year = {2009},
month = {11},
publisher = {},
volume = {11},
number = {11},
pages = {113020},
author = {Li, J and Paraoanu, G S},
title = {Generation and propagation of entanglement in driven coupled-qubit systems},
journal = {New Journal of Physics}
}

@ARTICLE{Li2014,
  title    = "Perturbative approach to Markovian open quantum systems",
  author   = "Li, Andy C Y and Petruccione, F and Koch, Jens",
  journal  = "Scientific Reports",
  volume   =  4,
  number   =  1,
  pages    = "4887",
  month    =  may,
  year     =  2014
}

@article{li2019,
url = {https://dx.doi.org/10.1088/1367-2630/11/11/113020},
year = {2009},
month = {11},
publisher = {},
volume = {11},
number = {11},
pages = {113020},
author = {Li, J and Paraoanu, G S},
title = {Generation and propagation of entanglement in driven coupled-qubit systems},
journal = {New Journal of Physics},
abstract = {In a bipartite system subject to decoherence from two separate reservoirs, entanglement is typically destroyed faster than where there is a single reservoir. Surprisingly, however, the existence of separate reservoirs can also have a beneficial entangling effect: if the qubits are coupled and driven externally by a classical field, the system ends in a stationary state characterized by a finite degree of entanglement. This phenomenon occurs only in a certain region of the parameter space and the structure of the stationary state has a universal form which does not depend on the initial state or on the specific physical realization of the qubits. We show that the entanglement thus generated can be propagated within a quantum network using simple local unitary operations. We suggest the use of such systems as ‘batteries of entanglement’ in quantum circuits.}
}

@article{li2021,
  title = {Generalized adiabatic approximation to the quantum Rabi model},
  author = {Li, Zi-Min and Batchelor, Murray T.},
  journal = {Phys. Rev. A},
  volume = {104},
  issue = {3},
  pages = {033712},
  numpages = {10},
  year = {2021},
  month = {9},
  publisher = {American Physical Society},
  doi = {10.1103/PhysRevA.104.033712},
  url = {https://link.aps.org/doi/10.1103/PhysRevA.104.033712}
}



@article{Li2022,
doi = {10.1088/1367-2630/ac8897},
url = {https://dx.doi.org/10.1088/1367-2630/ac8897},
year = {2022},
month = {8},
publisher = {IOP Publishing},
volume = {24},
number = {8},
pages = {083039},
author = {Jiahui Li and Rosario Fazio and Stefano Chesi},
title = {Nonlinear dynamics of the dissipative anisotropic two-photon Dicke model},
journal = {New Journal of Physics}
}

@ARTICLE{Lindblad1976,
  title    = "On the generators of quantum dynamical semigroups",
  author   = "Lindblad, G",
  abstract = "The notion of a quantum dynamical semigroup is defined using the
              concept of a completely positive map. An explicit form of a
              bounded generator of such a semigroup onB(ℋ) is derived. This is
              a quantum analogue of the L{\'e}vy-Khinchin formula. As a result
              the general form of a large class of Markovian quantum-mechanical
              master equations is obtained.",
  journal  = "Communications in Mathematical Physics",
  volume   =  48,
  number   =  2,
  pages    = "119--130",
  month    =  jun,
  year     =  1976
}



@article{Link2020,
  title = {Dynamical Phase Transitions in Dissipative Quantum Dynamics with Quantum Optical Realization},
  author = {Link, Valentin and Strunz, Walter T.},
  journal = {Phys. Rev. Lett.},
  volume = {125},
  issue = {14},
  pages = {143602},
  numpages = {6},
  year = {2020},
  month = {9},
  publisher = {American Physical Society},
  doi = {10.1103/PhysRevLett.125.143602},
  url = {https://link.aps.org/doi/10.1103/PhysRevLett.125.143602}}

@article{littlewood1981,
  title = {Gauge-Invariant Theory of the Dynamical Interaction of Charge Density Waves and Superconductivity},
  author = {Littlewood, P. B. and Varma, C. M.},
  journal = {Phys. Rev. Lett.},
  volume = {47},
  issue = {11},
  pages = {811--814},
  numpages = {0},
  year = {1981},
  month = {9},
  publisher = {American Physical Society},
  doi = {10.1103/PhysRevLett.47.811},
  url = {https://link.aps.org/doi/10.1103/PhysRevLett.47.811}
}

@article{littlewood1982,
    title = {Amplitude collective modes in superconductors and their coupling to charge-density waves},
  author = {Littlewood, P. B. and Varma, C. M.},
  journal = {Phys. Rev. B},
  volume = {26},
  issue = {9},
  pages = {4883--4893},
  numpages = {0},
  year = {1982},
  month = {11},
  publisher = {American Physical Society},
  doi = {10.1103/PhysRevB.26.4883},
  url = {https://link.aps.org/doi/10.1103/PhysRevB.26.4883}
}

@article{Liu11,
  title = {Light-shift-induced quantum phase transitions of a Bose-Einstein condensate in an optical cavity},
  author = {Liu, Ni and Lian, Jinling and Ma, Jie and Xiao, Liantuan and Chen, Gang and Liang, J. -Q. and Jia, Suotang},
  journal = {Phys. Rev. A},
  volume = {83},
  issue = {3},
  pages = {033601},
  numpages = {5},
  year = {2011},
  month = {3},
  publisher = {American Physical Society},
  doi = {10.1103/PhysRevA.83.033601},
  url = {https://link.aps.org/doi/10.1103/PhysRevA.83.033601}
}

@article{Lipkin65,
title = {Validity of many-body approximation methods for a solvable model: (I). Exact solutions and perturbation theory},
journal = {Nuclear Physics},
volume = {62},
number = {2},
pages = {188-198},
year = {1965},
issn = {0029-5582},
doi = {https://doi.org/10.1016/0029-5582(65)90862-X},
url = {https://www.sciencedirect.com/science/article/pii/002955826590862X},
author = {H.J. Lipkin and N. Meshkov and A.J. Glick}
}



@article{Liu09,
  title = {Large-$N$ scaling behavior of the ground-state energy, fidelity, and the order parameter in the Dicke model},
  author = {Liu, T. and Zhang, Y.-Y. and Chen, Q.-H. and Wang, K.-L.},
  journal = {Phys. Rev. A},
  volume = {80},
  issue = {2},
  pages = {023810},
  numpages = {5},
  year = {2009},
  month = {8},
  publisher = {American Physical Society},
  doi = {10.1103/PhysRevA.80.023810},
  url = {https://link.aps.org/doi/10.1103/PhysRevA.80.023810}
}

@article{Liu2009,
doi = {10.1209/0295-5075/86/54003},
url = {https://dx.doi.org/10.1209/0295-5075/86/54003},
year = {2009},
month = {6},
publisher = {},
volume = {86},
number = {5},
pages = {54003},
author = {Liu, T. and Wang, K. L. and Feng, M.},
title = {The generalized analytical approximation to the solution of the single-mode spin-boson model without rotating-wave approximation},
journal = {Europhysics Letters}
}

@article{lizuain2010,
  title = {Zeno physics in ultrastrong-coupling circuit QED},
  author = {Lizuain, I. and Casanova, J. and Garc\'{\i}a-Ripoll, J. J. and Muga, J. G. and Solano, E.},
  journal = {Phys. Rev. A},
  volume = {81},
  issue = {6},
  pages = {062131},
  numpages = {4},
  year = {2010},
  month = {6},
  publisher = {American Physical Society},
  doi = {10.1103/PhysRevA.81.062131},
  url = {https://link.aps.org/doi/10.1103/PhysRevA.81.062131}
}

@ARTICLE{Lo2021,
  title    = "Spectral collapse in multiqubit two-photon Rabi model",
  author   = "Lo, C F",
  journal  = "Scientific Reports",
  volume   =  11,
  number   =  1,
  pages    = "5409",
  month    =  mar,
  year     =  2021
}


@article{lundgren2020,
  title = {Nature of the nonequilibrium phase transition in the non-Markovian driven Dicke model},
  author = {Lundgren, Rex and Gorshkov, Alexey V. and Maghrebi, Mohammad F.},
  journal = {Phys. Rev. A},
  volume = {102},
  issue = {3},
  pages = {032218},
  numpages = {22},
  year = {2020},
  month = {9},
  publisher = {American Physical Society},
  doi = {10.1103/PhysRevA.102.032218},
  url = {https://link.aps.org/doi/10.1103/PhysRevA.102.032218}
}

@article{Lyu2024,
  title = {Multicritical dissipative phase transitions in the anisotropic open quantum Rabi model},
  author = {Lyu, Guitao and Kottmann, Korbinian and Plenio, Martin B. and Hwang, Myung-Joong},
  journal = {Phys. Rev. Res.},
  volume = {6},
  issue = {3},
  pages = {033075},
  numpages = {14},
  year = {2024},
  month = {7},
  publisher = {American Physical Society},
  doi = {10.1103/PhysRevResearch.6.033075},
  url = {https://link.aps.org/doi/10.1103/PhysRevResearch.6.033075}
}

%%%%%M

@article{madison2000,
  title = {Vortex Formation in a Stirred Bose-Einstein Condensate},
  author = {Madison, K. W. and Chevy, F. and Wohlleben, W. and Dalibard, J.},
  journal = {Phys. Rev. Lett.},
  volume = {84},
  issue = {5},
  pages = {806--809},
  numpages = {0},
  year = {2000},
  month = {1},
  publisher = {American Physical Society},
  doi = {10.1103/PhysRevLett.84.806},
  url = {https://link.aps.org/doi/10.1103/PhysRevLett.84.806}
}

@ARTICLE{Majer2007,
  title    = "Coupling superconducting qubits via a cavity bus",
  author   = "Majer, J and Chow, J M and Gambetta, J M and Koch, Jens and
              Johnson, B R and Schreier, J A and Frunzio, L and Schuster, D I
              and Houck, A A and Wallraff, A and Blais, A and Devoret, M H and
              Girvin, S M and Schoelkopf, R J",
  journal  = "Nature",
  volume   =  449,
  number   =  7161,
  pages    = "443--447",
  month    =  sep,
  year     =  2007
}


@article{makhlin1999,
  title    = "Josephson-junction qubits with controlled couplings",
  author   = "Makhlin, Yuriy and Sc{\"o}hn, Gerd and Shnirman, Alexander",
  journal  = "Nature",
  volume   =  398,
  number   =  6725,
  pages    = "305--307",
  month    =  mar,
  year     =  1999,
url = "https://www.nature.com/articles/18613"
}

@article{mandel1995,
  title={Optical Coherence and Quantum Optics (Cambridge U. Press, Cambridge, 1995)},
  author={Mandel, L and Wolf, E},
  journal={Chap},
  volume={4},
  pages={150}
}

@book{mandel2012,
  title={Coherence and Quantum Optics: Proceedings of the Third Rochester Conference on Coherence and Quantum Optics Held at the University of Rochester, June 21--23, 1972},
  author={Mandel, Leonard},
  year={2012},
  publisher={Springer Science \& Business Media}
}

@article{maniscalco2006,
  title = {Non-Markovian dynamics of a qubit},
  author = {Maniscalco, Sabrina and Petruccione, Francesco},
  journal = {Phys. Rev. A},
  volume = {73},
  issue = {1},
  pages = {012111},
  numpages = {8},
  year = {2006},
  month = {1},
  publisher = {American Physical Society},
  doi = {10.1103/PhysRevA.73.012111},
  url = {https://link.aps.org/doi/10.1103/PhysRevA.73.012111}
}


@article{Mao2019,
  title = {Variational generalized rotating-wave approximation in the two-qubit quantum Rabi model},
  author = {Mao, Bin-Bin and Li, Liangsheng and Wang, Yimin and You, Wen-Long and Wu, Wei and Liu, Maoxin and Luo, Hong-Gang},
  journal = {Phys. Rev. A},
  volume = {99},
  issue = {3},
  pages = {033834},
  numpages = {9},
  year = {2019},
  month = {3},
  publisher = {American Physical Society},
  doi = {10.1103/PhysRevA.99.033834},
  url = {https://link.aps.org/doi/10.1103/PhysRevA.99.033834}
}


@article{Mao2021,
title = {Superradiant phase transition in quantum Rabi dimer with staggered couplings},
journal = {Physica A: Statistical Mechanics and its Applications},
volume = {564},
pages = {125534},
year = {2021},
issn = {0378-4371},
doi = {https://doi.org/10.1016/j.physa.2020.125534},
url = {https://www.sciencedirect.com/science/article/pii/S0378437120308323},
author = {Bin-Bin Mao and Liangsheng Li and Wen-Long You and Maoxin Liu}
}


@incollection{MarquezPeraca2020,
title = {Chapter Three - Ultrastrong light–matter coupling in semiconductors},
editor = {Steven T. Cundiff and Mackillo Kira},
series = {Semiconductors and Semimetals},
publisher = {Elsevier},
volume = {105},
pages = {89-151},
year = {2020},
booktitle = {Semiconductor Quantum Science and Technology},
issn = {0080-8784},
doi = {https://doi.org/10.1016/bs.semsem.2020.10.002},
url = {https://www.sciencedirect.com/science/article/pii/S008087842030034X},
author = {Nicolas Marquez Peraca and Andrey Baydin and Weilu Gao and Motoaki Bamba and Junichiro Kono}
}

@article{marsch2021,
  title = {Enhancing Associative Memory Recall and Storage Capacity Using Confocal Cavity QED},
  author = {Marsh, Brendan P. and Guo, Yudan and Kroeze, Ronen M. and Gopalakrishnan, Sarang and Ganguli, Surya and Keeling, Jonathan and Lev, Benjamin L.},
  journal = {Phys. Rev. X},
  volume = {11},
  issue = {2},
  pages = {021048},
  numpages = {39},
  year = {2021},
  month = {6},
  publisher = {American Physical Society},
  doi = {10.1103/PhysRevX.11.021048},
  url = {https://link.aps.org/doi/10.1103/PhysRevX.11.021048}
}

@article{matsunaga2013,
  title = {Higgs Amplitude Mode in the BCS Superconductors ${\mathrm{Nb}}_{1\mathrm{\text{\ensuremath{-}}}x}{\mathrm{Ti}}_{x}\mathbf{N}$ Induced by Terahertz Pulse Excitation},
  author = {Matsunaga, Ryusuke and Hamada, Yuki I. and Makise, Kazumasa and Uzawa, Yoshinori and Terai, Hirotaka and Wang, Zhen and Shimano, Ryo},
  journal = {Phys. Rev. Lett.},
  volume = {111},
  issue = {5},
  pages = {057002},
  numpages = {5},
  year = {2013},
  month = {7},
  publisher = {American Physical Society},
  doi = {10.1103/PhysRevLett.111.057002},
  url = {https://link.aps.org/doi/10.1103/PhysRevLett.111.057002}
}

@book{mattuck1992,
  title={A guide to Feynman diagrams in the many-body problem},
  author={Mattuck, Richard D},
  year={1992},
  publisher={Courier Corporation}
}

@article{measson2014,
  title = {Amplitude Higgs mode in the $2H\ensuremath{-}{\text{NbSe}}_{2}$ superconductor},
  author = {M\'easson, M.-A. and Gallais, Y. and Cazayous, M. and Clair, B. and Rodi\`ere, P. and Cario, L. and Sacuto, A.},
  journal = {Phys. Rev. B},
  volume = {89},
  issue = {6},
  pages = {060503},
  numpages = {5},
  year = {2014},
  month = {2},
  publisher = {American Physical Society},
  doi = {10.1103/PhysRevB.89.060503},
  url = {https://link.aps.org/doi/10.1103/PhysRevB.89.060503}
}

@article{meier2020,
  title = {Manifestation of structural Higgs and Goldstone modes in the hexagonal manganites},
  author = {Meier, Quintin N. and Stucky, Adrien and Teyssier, Jeremie and Griffin, Sin\'ead M. and van der Marel, Dirk and Spaldin, Nicola A.},
  journal = {Phys. Rev. B},
  volume = {102},
  issue = {1},
  pages = {014102},
  numpages = {14},
  year = {2020},
  month = {7},
  publisher = {American Physical Society},
  doi = {10.1103/PhysRevB.102.014102},
  url = {https://link.aps.org/doi/10.1103/PhysRevB.102.014102}
}

@article{Mekhov2012,
doi = {10.1088/0953-4075/45/10/102001},
url = {https://doi.org/10.1088/0953-4075/45/10/102001},
year = {2012},
month = {5},
publisher = {IOP Publishing},
volume = {45},
number = {10},
pages = {102001},
author = {Mekhov, Igor B and Ritsch, Helmut},
title = {Quantum optics with ultracold quantum gases: towards the full quantum regime of the light–matter interaction},
journal = {Journal of Physics B: Atomic, Molecular and Optical Physics}
}

@article{Meshkov65,
title = {Validity of many-body approximation methods for a solvable model: (II). Linearization procedures},
journal = {Nuclear Physics},
volume = {62},
number = {2},
pages = {199-210},
year = {1965},
issn = {0029-5582},
doi = {https://doi.org/10.1016/0029-5582(65)90863-1},
url = {https://www.sciencedirect.com/science/article/pii/0029558265908631},
author = {N. Meshkov and A.J. Glick and H.J. Lipkin}
}


@Article{Mezzacapo14,
  title    = "Digital Quantum Rabi and Dicke Models in Superconducting Circuits",
  author   = "Mezzacapo, A and Las Heras, U and Pedernales, J S and DiCarlo, L
              and Solano, E and Lamata, L",
  journal  = "Scientific Reports",
  volume   =  4,
  number   =  1,
  pages    = "7482",
  month    =  dec,
  year     =  2014,
url = "https://www.nature.com/articles/srep07482"
}

@article{milonni1983,
  title = {Chaos in the Semiclassical $N$-Atom Jaynes-Cummings Model: Failure of the Rotating-Wave Approximation},
  author = {Milonni, P. W. and Ackerhalt, J. R. and Galbraith, H. W.},
  journal = {Phys. Rev. Lett.},
  volume = {50},
  issue = {13},
  pages = {966--969},
  numpages = {0},
  year = {1983},
  month = {3},
  publisher = {American Physical Society},
  doi = {10.1103/PhysRevLett.50.966},
  url = {https://link.aps.org/doi/10.1103/PhysRevLett.50.966}
}

@article{minganti2018,
  title = {Spectral theory of Liouvillians for dissipative phase transitions},
  author = {Minganti, Fabrizio and Biella, Alberto and Bartolo, Nicola and Ciuti, Cristiano},
  journal = {Phys. Rev. A},
  volume = {98},
  issue = {4},
  pages = {042118},
  numpages = {13},
  year = {2018},
  month = {10},
  publisher = {American Physical Society},
  doi = {10.1103/PhysRevA.98.042118},
  url = {https://link.aps.org/doi/10.1103/PhysRevA.98.042118}
}

@article{mivehvar2021,
 author = {Farokh Mivehvar, Francesco Piazza, Tobias Donner and Helmut Ritsch},
title = {Cavity QED with quantum gases: new paradigms in many-body physics},
journal = {Advances in Physics},
volume = {70},
number = {1},
pages = {1--153},
year = {2021},
publisher = {Taylor \& Francis},
doi = {10.1080/00018732.2021.1969727},
URL = {https://doi.org/10.1080/00018732.2021.1969727},
eprint = {https://doi.org/10.1080/00018732.2021.1969727}
}


@article{Mondal2020,
  title = {Chaos and quantum scars in a coupled top model},
  author = {Mondal, Debabrata and Sinha, Sudip and Sinha, S.},
  journal = {Phys. Rev. E},
  volume = {102},
  issue = {2},
  pages = {020101},
  numpages = {6},
  year = {2020},
  month = {8},
  publisher = {American Physical Society},
  doi = {10.1103/PhysRevE.102.020101},
  url = {https://link.aps.org/doi/10.1103/PhysRevE.102.020101}
}

@article{mori1965,
    author = {Mori, Hazime},
    title = "{A Continued-Fraction Representation of the Time-Correlation Functions}",
    journal = {Progress of Theoretical Physics},
    volume = {34},
    number = {3},
    pages = {399-416},
    year = {1965},
    month = {09},
    issn = {0033-068X},
    doi = {10.1143/PTP.34.399},
    url = {https://doi.org/10.1143/PTP.34.399},
    eprint = {https://academic.oup.com/ptp/article-pdf/34/3/399/5473397/34-3-399.pdf},
}

@article{mottl2012,
author = {R. Mottl  and F. Brennecke  and K. Baumann  and R. Landig  and T. Donner  and T. Esslinger },
title = {Roton-Type Mode Softening in a Quantum Gas with Cavity-Mediated Long-Range Interactions},
journal = {Science},
volume = {336},
number = {6088},
pages = {1570-1573},
year = {2012},
doi = {10.1126/science.1220314},
URL = {https://www.science.org/doi/abs/10.1126/science.1220314},
eprint = {https://www.science.org/doi/pdf/10.1126/science.1220314}}


%%%%%N

@misc{naegels2021,
      title={An introduction to Goldstone boson physics and to the coset construction}, 
      author={Daniel Naegels},
      year={2021},
      eprint={2110.14504},
      archivePrefix={arXiv},
      primaryClass={hep-th},
      url={https://arxiv.org/abs/2110.14504}, 
}


@article{Nagy10,
  title = {Dicke-Model Phase Transition in the Quantum Motion of a Bose-Einstein Condensate in an Optical Cavity},
  author = {Nagy, D. and K\'onya, G. and Szirmai, G. and Domokos, P.},
  journal = {Phys. Rev. Lett.},
  volume = {104},
  issue = {13},
  pages = {130401},
  numpages = {4},
  year = {2010},
  month = {4},
  publisher = {American Physical Society},
  doi = {10.1103/PhysRevLett.104.130401},
  url = {https://link.aps.org/doi/10.1103/PhysRevLett.104.130401}
}

@article{nahmad2013,
doi = {10.1088/0031-8949/87/03/038114},
url = {https://dx.doi.org/10.1088/0031-8949/87/03/038114},
year = {2013},
month = {2},
publisher = {IOP Publishing},
volume = {87},
number = {3},
pages = {038114},
author = {Eduardo Nahmad-Achar and Octavio Castaños and Ramón López-Peña and Jorge G Hirsch},
title = {Mathematical methods in quantum optics: the Dicke model},
journal = {Physica Scripta}
}

@article{nakayama2017,
  title = {Observation of diffusive and dispersive profiles of the nonequilibrium polariton-condensate dispersion relation in a CuBr microcavity},
  author = {Nakayama, Masaaki and Ueda, Masafumi},
  journal = {Phys. Rev. B},
  volume = {95},
  issue = {12},
  pages = {125315},
  numpages = {7},
  year = {2017},
  month = {3},
  publisher = {American Physical Society},
  doi = {10.1103/PhysRevB.95.125315},
  url = {https://link.aps.org/doi/10.1103/PhysRevB.95.125315}
}

@article{nambu1960,
  title = {Quasi-Particles and Gauge Invariance in the Theory of Superconductivity},
  author = {Nambu, Yoichiro},
  journal = {Phys. Rev.},
  volume = {117},
  issue = {3},
  pages = {648--663},
  numpages = {0},
  year = {1960},
  month = {2},
  publisher = {American Physical Society},
  doi = {10.1103/PhysRev.117.648},
  url = {https://link.aps.org/doi/10.1103/PhysRev.117.648}
}

@article{nambu2009,
  title = {Nobel Lecture: Spontaneous symmetry breaking in particle physics: A case of cross fertilization},
  author = {Nambu, Yoichiro},
  journal = {Rev. Mod. Phys.},
  volume = {81},
  issue = {3},
  pages = {1015--1018},
  numpages = {0},
  year = {2009},
  month = {7},
  publisher = {American Physical Society},
  doi = {10.1103/RevModPhys.81.1015},
  url = {https://link.aps.org/doi/10.1103/RevModPhys.81.1015}
}

@ARTICLE{niemczyk2010,
  title    = "Circuit quantum electrodynamics in the ultrastrong-coupling
              regime",
  author   = "Niemczyk, T and Deppe, F and Huebl, H and Menzel, E P and Hocke,
              F and Schwarz, M J and Garcia-Ripoll, J J and Zueco, D and
              H{\"u}mmer, T and Solano, E and Marx, A and Gross, R",
  journal  = "Nature Physics",
  volume   =  6,
  number   =  10,
  pages    = "772--776",
  month    =  oct,
  year     =  2010,
url = "https://www.nature.com/articles/nphys1730"
}


@book{nozieres2018,
  title={Theory of quantum liquids},
  author={Nozieres, Philippe},
  year={2018},
  publisher={CRC Press}
}

%%%%%Ñ

%%%%%O

@article{Obada2010,
title = {Invariant dynamics of a superconducting qubit strongly coupled to a cavity field without energy relaxation},
journal = {Physica E: Low-dimensional Systems and Nanostructures},
volume = {42},
number = {5},
pages = {1262-1266},
year = {2010},
issn = {1386-9477},
doi = {https://doi.org/10.1016/j.physe.2009.10.007},
url = {https://www.sciencedirect.com/science/article/pii/S1386947709003713},
author = {A.-S.F. Obada and H.A. Hessian and A.-B.A. Mohamed},
keywords = {Entanglement, Master equation, Phase-damping, Cooper-pair box}
}

@misc{orazio2016,
      title={Dissipation-Induced Superradiance in a Non-Markovian Open Dicke Model}, 
      author={Orazio Scarlatella and Marco Schiró},
      year={2016},
      eprint={1611.09378},
      archivePrefix={arXiv},
      primaryClass={cond-mat.stat-mech},
      url={https://arxiv.org/abs/1611.09378}, 
}

%%%%%P

@ARTICLE{pachon2011,
  title     = "Physical Basis for {Long-Lived} Electronic Coherence in
               Photosynthetic {Light-Harvesting} Systems",
  author    = "Pach{\'o}n, Leonardo A and Brumer, Paul",
  journal   = "J. Phys. Chem. Lett.",
  publisher = "American Chemical Society",
  volume    =  2,
  number    =  21,
  pages     = "2728--2732",
  month     =  nov,
  year      =  2011
}


@article{palacino2021,
  title = {Atom-only theories for U(1) symmetric cavity-QED models},
  author = {Palacino, Roberta and Keeling, Jonathan},
  journal = {Phys. Rev. Res.},
  volume = {3},
  issue = {3},
  pages = {L032016},
  numpages = {6},
  year = {2021},
  month = {7},
  publisher = {American Physical Society},
  doi = {10.1103/PhysRevResearch.3.L032016},
  url = {https://link.aps.org/doi/10.1103/PhysRevResearch.3.L032016}
}

@article{paulson1973,
  title = {Propagation of Collisionless Sound in Normal and Extraordinary Phases of Liquid $^{3}\mathrm{He}$ below 3 mK},
  author = {Paulson, D. N. and Johnson, R. T. and Wheatley, J. C.},
  journal = {Phys. Rev. Lett.},
  volume = {30},
  issue = {18},
  pages = {829--833},
  numpages = {0},
  year = {1973},
  month = {4},
  publisher = {American Physical Society},
  doi = {10.1103/PhysRevLett.30.829},
  url = {https://link.aps.org/doi/10.1103/PhysRevLett.30.829}
}

@article{papenkort2007,
  title = {Coherent dynamics and pump-probe spectra of BCS superconductors},
  author = {Papenkort, T. and Axt, V. M. and Kuhn, T.},
  journal = {Phys. Rev. B},
  volume = {76},
  issue = {22},
  pages = {224522},
  numpages = {7},
  year = {2007},
  month = {12},
  publisher = {American Physical Society},
  doi = {10.1103/PhysRevB.76.224522},
  url = {https://link.aps.org/doi/10.1103/PhysRevB.76.224522}
}

@article{pekker2015,
   author = "Pekker, David and Varma, C.M.",
   title = "Amplitude/Higgs Modes in Condensed Matter Physics", 
   journal= "Annual Review of Condensed Matter Physics",
   year = "2015",
   volume = "6",
   number = "Volume 6, 2015",
   pages = "269-297",
   doi = "https://doi.org/10.1146/annurev-conmatphys-031214-014350",
   url = "https://www.annualreviews.org/content/journals/10.1146/annurev-conmatphys-031214-014350",
   publisher = "Annual Reviews",
   issn = "1947-5462",
   type = "Journal Article"
  }

@article{Peng2012,
doi = {10.1088/1751-8113/45/36/365302},
url = {https://dx.doi.org/10.1088/1751-8113/45/36/365302},
year = {2012},
month = {8},
publisher = {IOP Publishing},
volume = {45},
number = {36},
pages = {365302},
author = {Peng, Jie and Ren, Zhongzhou and Guo, Guangjie and Ju, Guoxing},
title = {Integrability and solvability of the simplified two-qubit Rabi model},
journal = {Journal of Physics A: Mathematical and Theoretical}
}


@article{Peng2014,
doi = {10.1088/1751-8113/47/26/265303},
url = {https://dx.doi.org/10.1088/1751-8113/47/26/265303},
year = {2014},
month = {6},
publisher = {IOP Publishing},
volume = {47},
number = {26},
pages = {265303},
author = {Peng, Jie and Ren, Zhongzhou and Braak, Daniel and Guo, Guangjie and Ju, Guoxing and Zhang, Xin and Guo, Xiaoyong},
title = {Solution of the two-qubit quantum Rabi model and its exceptional eigenstates},
journal = {Journal of Physics A: Mathematical and Theoretical}
}

@article{peng2021,
  title = {One-Photon Solutions to the Multiqubit Multimode Quantum Rabi Model for Fast $W$-State Generation},
  author = {Peng, Jie and Zheng, Juncong and Yu, Jing and Tang, Pinghua and Barrios, G. Alvarado and Zhong, Jianxin and Solano, Enrique and Albarr\'an-Arriagada, F. and Lamata, Lucas},
  journal = {Phys. Rev. Lett.},
  volume = {127},
  issue = {4},
  pages = {043604},
  numpages = {7},
  year = {2021},
  month = {7},
  publisher = {American Physical Society},
  doi = {10.1103/PhysRevLett.127.043604},
  url = {https://link.aps.org/doi/10.1103/PhysRevLett.127.043604}
}


@book{pethick2008,
  title={Bose--Einstein condensation in dilute gases},
  author={Pethick, Christopher J and Smith, Henrik},
  year={2008},
  publisher={Cambridge university press}
}

@article{pieczarka2015,
   title = {Ghost Branch Photoluminescence From a Polariton Fluid Under Nonresonant Excitation},
  author = {Pieczarka, Maciej and Syperek, Marcin and Dusanowski, \L{}ukasz and Misiewicz, Jan and Langer, Fabian and Forchel, Alfred and Kamp, Martin and Schneider, Christian and H\"ofling, Sven and Kavokin, Alexey and S\ifmmode \mbox{\k{e}}\else \k{e}\fi{}k, Grzegorz},
  journal = {Phys. Rev. Lett.},
  volume = {115},
  issue = {18},
  pages = {186401},
  numpages = {5},
  year = {2015},
  month = {10},
  publisher = {American Physical Society},
  doi = {10.1103/PhysRevLett.115.186401},
  url = {https://link.aps.org/doi/10.1103/PhysRevLett.115.186401}
}


@article{Pilatowsky2020,
  title = {Positive quantum Lyapunov exponents in experimental systems with a regular classical limit},
  author = {Pilatowsky-Cameo, Sa\'ul and Ch\'avez-Carlos, Jorge and Bastarrachea-Magnani, Miguel A. and Str\'ansk\'y, Pavel and Lerma-Hern\'andez, Sergio and Santos, Lea F. and Hirsch, Jorge G.},
  journal = {Phys. Rev. E},
  volume = {101},
  issue = {1},
  pages = {010202},
  numpages = {7},
  year = {2020},
  month = {1},
  publisher = {American Physical Society},
  doi = {10.1103/PhysRevE.101.010202},
  url = {https://link.aps.org/doi/10.1103/PhysRevE.101.010202}}

@article{pimentel1975,
  title    = "Phase transitions in some Dicke-type models",
  author   = "Pimentel, B M and Zimerman, A H",
  journal  = "Il Nuovo Cimento B (1971-1996)",
  volume   =  30,
  number   =  1,
  pages    = "43--54",
  month    =  nov,
  year     =  1975,
url = "https://link.springer.com/article/10.1007/BF02721492"
}

@article{PerezFernandez2011,
  title = {Excited-state phase transition and onset of chaos in quantum optical models},
  author = {P\'erez-Fern\'andez, P. and Rela\~no, A. and Arias, J. M. and Cejnar, P. and Dukelsky, J. and Garc\'{\i}a-Ramos, J. E.},
  journal = {Phys. Rev. E},
  volume = {83},
  issue = {4},
  pages = {046208},
  numpages = {4},
  year = {2011},
  month = {4},
  publisher = {American Physical Society},
  doi = {10.1103/PhysRevE.83.046208},
  url = {https://link.aps.org/doi/10.1103/PhysRevE.83.046208}
}

@article{Pilar2020,
  doi = {10.22331/q-2020-09-28-335},
  url = {https://doi.org/10.22331/q-2020-09-28-335},
  title = {Thermodynamics of ultrastrongly coupled light-matter systems},
  author = {Pilar, Philipp and De Bernardis, Daniele and Rabl, Peter},
  journal = {{Quantum}},
  issn = {2521-327X},
  publisher = {{Verein zur F{\"{o}}rderung des Open Access Publizierens in den Quantenwissenschaften}},
  volume = {4},
  pages = {335},
  month = sep,
  year = {2020}}

@article{prosandeev2020,
  title = {Evidence for Goldstone-like and Higgs-like structural modes in the model $\mathrm{Pb}{\mathrm{Mg}}_{1/3}{\mathrm{Nb}}_{2/3}{\mathrm{O}}_{3}$ relaxor ferroelectric},
  author = {Prosandeev, Sergey and Prokhorenko, Sergei and Nahas, Yousra and Al-Barakaty, A. and Bellaiche, L. and Gemeiner, Pascale and Wang, Dawei and Bokov, Alexei A. and Ye, Zuo-Guang and Dkhil, Brahim},
  journal = {Phys. Rev. B},
  volume = {102},
  issue = {10},
  pages = {104110},
  numpages = {6},
  year = {2020},
  month = {9},
  publisher = {American Physical Society},
  doi = {10.1103/PhysRevB.102.104110},
  url = {https://link.aps.org/doi/10.1103/PhysRevB.102.104110}
}
}

@article{Puebla13,
  title = {Excited-state phase transition leading to symmetry-breaking steady states in the {D}icke model},
  author = {Puebla, R. and Rela\~no, A. and and Retamosa, J.},
  journal = {Phys. Rev. A},
  volume = {87},
  issue = {2},
  pages = {023819},
  numpages = {5},
  year = {2013},
  month = {2},
  publisher = {American Physical Society},
  doi = {10.1103/PhysRevA.87.023819},
  url = {https://link.aps.org/doi/10.1103/PhysRevA.87.023819}
}

@article{popov1982,
  title={Behavior of the partition function of Dicke type models in the limit of a large number of atoms},
  author={Popov, Viktor Nikolaevich and Fedotov, SA},
  journal={Teoreticheskaya i Matematicheskaya Fizika},
  volume={51},
  number={1},
  pages={73--85},
  year={1982},
  publisher={Russian Academy of Sciences, Steklov Mathematical Institute of Russian~…},
url = "https://www.mathnet.ru/php/archive.phtml?wshow=paper&jrnid=tmf&paperid=2395&option_lang=eng"
}

@book{popov1987,
  title={Functional integrals and collective excitations},
  author={Popov, Victor Nikolaevich},
  year={1987},
  publisher={Cambridge University Press}
}

@book{popov2012,
  title={Collective effects in quantum statistics of radiation and matter},
  author={Popov, Viktor Nikolaevich and Yarunin, Vladimir Sergeevich},
  volume={9},
  year={2012},
  publisher={Springer Science \& Business Media}
}

@article{power1959,
author = {Power, Edwin Albert  and Zienau, S.  and Massey, Harrie Stewart Wilson },
title = {Coulomb gauge in non-relativistic quantum electro-dynamics and the shape of spectral lines},
journal = {Philosophical Transactions of the Royal Society of London. Series A, Mathematical and Physical Sciences},
volume = {251},
number = {999},
pages = {427-454},
year = {1959},
doi = {10.1098/rsta.1959.0008},

URL = {https://royalsocietypublishing.org/doi/abs/10.1098/rsta.1959.0008},
eprint = {https://royalsocietypublishing.org/doi/pdf/10.1098/rsta.1959.0008}
}



@article{power1978,
     author = {Power, E. A. and Thirunamachandran, T.},
    title = "{On the nature of the Hamiltonian for the interaction of radiation with atoms and molecules: (e/mc)p⋅A, −μ⋅E, and all that}",
    journal = {American Journal of Physics},
    volume = {46},
    number = {4},
    pages = {370-378},
    year = {1978},
    month = {04},
    issn = {0002-9505},
    doi = {10.1119/1.11313},
    url = {https://doi.org/10.1119/1.11313},
    eprint = {https://pubs.aip.org/aapt/ajp/article-pdf/46/4/370/11604758/370\_1\_online.pdf},
}

@article{poyatos1996,
  title = {Quantum Reservoir Engineering with Laser Cooled Trapped Ions},
  author = {Poyatos, J. F. and Cirac, J. I. and Zoller, P.},
  journal = {Phys. Rev. Lett.},
  volume = {77},
  issue = {23},
  pages = {4728--4731},
  numpages = {0},
  year = {1996},
  month = {12},
  publisher = {American Physical Society},
  doi = {10.1103/PhysRevLett.77.4728},
  url = {https://link.aps.org/doi/10.1103/PhysRevLett.77.4728}
}


%%%%%Q

@article{quan2012validity,
   title = {Validity of nonequilibrium work relations for the rapidly expanding quantum piston},
  author = {Quan, H. T. and Jarzynski, Christopher},
  journal = {Phys. Rev. E},
  volume = {85},
  issue = {3},
  pages = {031102},
  numpages = {8},
  year = {2012},
  month = {3},
  publisher = {American Physical Society},
  doi = {10.1103/PhysRevE.85.031102},
  url = {https://link.aps.org/doi/10.1103/PhysRevE.85.031102}
}

@article{quiroga1999,
   title = {Entangled Bell and Greenberger-Horne-Zeilinger States of Excitons in Coupled Quantum Dots},
  author = {Quiroga, Luis and Johnson, Neil F.},
  journal = {Phys. Rev. Lett.},
  volume = {83},
  issue = {11},
  pages = {2270--2273},
  numpages = {0},
  year = {1999},
  month = {9},
  publisher = {American Physical Society},
  doi = {10.1103/PhysRevLett.83.2270},
  url = {https://link.aps.org/doi/10.1103/PhysRevLett.83.2270}
}

%%%%%R

@article{rabi1936,
  title = {On the Process of Space Quantization},
  author = {Rabi, I. I.},
  journal = {Phys. Rev.},
  volume = {49},
  issue = {4},
  pages = {324--328},
  numpages = {0},
  year = {1936},
  month = {2},
  publisher = {American Physical Society},
  doi = {10.1103/PhysRev.49.324},
  url = {https://link.aps.org/doi/10.1103/PhysRev.49.324}
}


@article{relano2008,
  title = {Decoherence as a signature of an excited-state quantum phase transition},
  author = {Rela\~no, A. and Arias, J. M. and Dukelsky, J. and Garc\'{\i}a-Ramos, J. E. and P\'erez-Fern\'andez, P.},
  journal = {Phys. Rev. A},
  volume = {78},
  issue = {6},
  pages = {060102},
  numpages = {4},
  year = {2008},
  month = {12},
  publisher = {American Physical Society},
  doi = {10.1103/PhysRevA.78.060102},
  url = {https://link.aps.org/doi/10.1103/PhysRevA.78.060102}
}

@BOOK{rammer2011,
       author = {{Rammer}, J{\o}rgen},
        title = "{Quantum Field Theory of Non-equilibrium States}",
         year = 2011,
       adsurl = {https://ui.adsabs.harvard.edu/abs/2011qftn.book.....R},
      adsnote = {Provided by the SAO/NASA Astrophysics Data System}
}


@article{Relano16,
doi = {10.1209/0295-5075/116/50005},
url = {https://dx.doi.org/10.1209/0295-5075/116/50005},
year = {2017},
month = {1},
publisher = {EDP Sciences, IOP Publishing and Società Italiana di Fisica},
volume = {116},
number = {5},
pages = {50005},
author = {A. Relaño and M. A. Bastarrachea-Magnani and S. Lerma-Hernández},
title = {Approximated integrability of the Dicke model},
journal = {Europhysics Letters}
}

@article{Ribeiro2006,
	doi = {10.1088/0305-4470/39/12/016},
url = {https://dx.doi.org/10.1088/0305-4470/39/12/016},
year = {2006},
month = {3},
publisher = {},
volume = {39},
number = {12},
pages = {3085},
author = {A D Ribeiro and M A M de Aguiar and A F R de Toledo Piza},
title = {The semiclassical coherent state propagator for systems with spin},
journal = {Journal of Physics A: Mathematical and General}
}

@article{Ribeiro08,
  title = {Exact spectrum of the Lipkin-Meshkov-Glick model in the thermodynamic limit and finite-size corrections},
  author = {Ribeiro, Pedro and Vidal, Julien and Mosseri, R\'emy},
  journal = {Phys. Rev. E},
  volume = {78},
  issue = {2},
  pages = {021106},
  numpages = {13},
  year = {2008},
  month = {8},
  publisher = {American Physical Society},
  doi = {10.1103/PhysRevE.78.021106},
  url = {https://link.aps.org/doi/10.1103/PhysRevE.78.021106}
}

@article{Robles2015,
  title = {Ground state in the finite Dicke model for interacting qubits},
  author = {Robles Robles, R. A. and Chilingaryan, S. A. and Rodr\'{\i}guez-Lara, B. M. and Lee, Ray-Kuang},
  journal = {Phys. Rev. A},
  volume = {91},
  issue = {3},
  pages = {033819},
  numpages = {7},
  year = {2015},
  month = {3},
  publisher = {American Physical Society},
  doi = {10.1103/PhysRevA.91.033819},
  url = {https://link.aps.org/doi/10.1103/PhysRevA.91.033819}
}

@article{Rodriguez2011,
  title = {Classical dynamics of a two-species condensate driven by a quantum field},
  author = {Rodr\'{\i}guez-Lara, B. M. and Lee, Ray-Kuang},
  journal = {Phys. Rev. E},
  volume = {84},
  issue = {1},
  pages = {016225},
  numpages = {5},
  year = {2011},
  month = {7},
  publisher = {American Physical Society},
  doi = {10.1103/PhysRevE.84.016225},
  url = {https://link.aps.org/doi/10.1103/PhysRevE.84.016225}}

@article{Rodriguez2018,
  title = {Critical phenomena in an extended Dicke model},
  author = {Rodriguez, J. P. J. and Chilingaryan, S. A. and Rodr\'{\i}guez-Lara, B. M.},
  journal = {Phys. Rev. A},
  volume = {98},
  issue = {4},
  pages = {043805},
  numpages = {7},
  year = {2018},
  month = {10},
  publisher = {American Physical Society},
  doi = {10.1103/PhysRevA.98.043805},
  url = {https://link.aps.org/doi/10.1103/PhysRevA.98.043805}
}

@article{romero2012,
  title = {Ultrafast Quantum Gates in Circuit QED},
  author = {Romero, G. and Ballester, D. and Wang, Y. M. and Scarani, V. and Solano, E.},
  journal = {Phys. Rev. Lett.},
  volume = {108},
  issue = {12},
  pages = {120501},
  numpages = {5},
  year = {2012},
  month = {3},
  publisher = {American Physical Society},
  doi = {10.1103/PhysRevLett.108.120501},
  url = {https://link.aps.org/doi/10.1103/PhysRevLett.108.120501}
}


@article{roses2020,
doi = {10.1371/journal.pone.0235197},
    author = {Roses, Mor M. AND Dalla Torre, Emanuele G.},
    journal = {PLOS ONE},
    publisher = {Public Library of Science},
    title = {Dicke model},
    year = {2020},
    month = {09},
    volume = {15},
    url = {https://doi.org/10.1371/journal.pone.0235197},
    pages = {1-8},
    number = {9},
}

@article{rosatto2017,
  title = {Spectral classification of coupling regimes in the quantum Rabi model},
  author = {Rossatto, Daniel Z. and Villas-B\^oas, Celso J. and Sanz, Mikel and Solano, Enrique},
  journal = {Phys. Rev. A},
  volume = {96},
  issue = {1},
  pages = {013849},
  numpages = {13},
  year = {2017},
  month = {7},
  publisher = {American Physical Society},
  doi = {10.1103/PhysRevA.96.013849},
  url = {https://link.aps.org/doi/10.1103/PhysRevA.96.013849}
}

@article{rotondo2015,
  title = {Replica symmetry breaking in cold atoms and spin glasses},
  author = {Rotondo, P. and Tesio, E. and Caracciolo, S.},
  journal = {Phys. Rev. B},
  volume = {91},
  issue = {1},
  pages = {014415},
  numpages = {5},
  year = {2015},
  month = {1},
  publisher = {American Physical Society},
  doi = {10.1103/PhysRevB.91.014415},
  url = {https://link.aps.org/doi/10.1103/PhysRevB.91.014415}
}

@article{rotter2015,
doi = {10.1088/0034-4885/78/11/114001},
url = {https://dx.doi.org/10.1088/0034-4885/78/11/114001},
year = {2015},
month = {10},
publisher = {IOP Publishing},
volume = {78},
number = {11},
pages = {114001},
author = {Rotter, I and Bird, J P},
title = {A review of progress in the physics of open quantum systems: theory and experiment},
journal = {Reports on Progress in Physics}
}


@book{rubakov2009,
  title={Classical theory of gauge fields},
  author={Rubakov, Valery},
  year={2009},
  publisher={Princeton University Press}
}

@article{ruostekoski1998,
  title = {Bose-Einstein condensate in a double-well potential as an open quantum system},
  author = {Ruostekoski, Janne and Walls, Dan F.},
  journal = {Phys. Rev. A},
  volume = {58},
  issue = {1},
  pages = {R50--R53},
  numpages = {0},
  year = {1998},
  month = {7},
  publisher = {American Physical Society},
  doi = {10.1103/PhysRevA.58.R50},
  url = {https://link.aps.org/doi/10.1103/PhysRevA.58.R50}
}

@article{ruutu1996,
  title    = "Vortex formation in neutron-irradiated superfluid 3He as an
              analogue of cosmological defect formation",
  author   = "Ruutu, V M H and Eltsov, V B and Gill, A J and Kibble, T W B and
              Krusius, M and Makhlin, Yu G and Pla{\c c}ais, B and Volovik, G E
              and Xu, Wen",
  journal  = "Nature",
  volume   =  382,
  number   =  6589,
  pages    = "334--336",
  month    =  jul,
  year     =  1996
}


%%%%%S

@book{Sachdev99,
  title = {Quantum Phase Transitions},
  author = {Sachdev, Subir},
  year = {1999},
  publisher = {Cambridge University Press},
}

@article{sadiek2009,
title = {Entanglement of a two-qubit system with anisotropic XYZ exchange coupling in a nonuniform time-dependent external magnetic field},
journal = {Physica B: Condensed Matter},
volume = {404},
number = {12},
pages = {1719-1728},
year = {2009},
issn = {0921-4526},
doi = {https://doi.org/10.1016/j.physb.2009.02.011},
url = {https://www.sciencedirect.com/science/article/pii/S0921452609000921},
author = {G. Sadiek and E.I. Lashin and M. Sebawe Abdalla},
abstract = {The dynamics of entanglement of a two-qubit system coupled through anisotropic XYZ Heisenberg interaction is considered. We study the system in presence of a time-varying nonuniform magnetic field. Both analytical and numerical solutions for the entanglement are given. We find that the spin space of the system at any time is divided into two separate subspaces which never get mixed as the system evolves in time. Furthermore each subspace is controlled by a different independent set of parameters. At certain critical values of the exchange coupling and magnetic field parameters which specify the boundary between the two subspaces, the entanglement of the ground state shows a discontinuous behavior. The discontinuity of the entanglement continues with varying magnitude as the system evolves in time. We also realize that, although the system is explicitly time-dependent, however, it can be initially prepared in minimally or maximally entangled ground state in any one of the two subspaces which is a stationary state of the Hamiltonian. The results show that the amount of entanglement between the two qubits is sensitive to different parameters of the applied magnetic field as well as to the strength of the different exchange coupling components.}
}

@book{sakurai1995,
  title={Modern quantum mechanics, revised edition},
  author={Sakurai, Jun John and Commins, Eugene D},
  year={1995},
  publisher={American Association of Physics Teachers}
}

@Article{Salah2018,
  title    = "Enhancing quantum phase transitions in the critical point of
              Extended {TC-Dicke} model via Stark effect",
  author   = "Salah, Ahmed and Abdel-Rady, A S and Osman, Abdel-Nasser A and
              Hassan, Samia S A",
  journal  = "Scientific Reports",
  volume   =  8,
  number   =  1,
  pages    = "11633",
  month    =  aug,
  year     =  2018,
    url = "https://www.nature.com/articles/s41598-018-29902-9"
}


@article{SantosBernal15,
  title = {Structure of eigenstates and quench dynamics at an excited-state quantum phase transition},
  author = {Santos, L. F. and P\'erez-Bernal, F.},
  journal = {Phys. Rev. A},
  volume = {92},
  issue = {5},
  pages = {050101},
  numpages = {5},
  year = {2015},
  month = {11},
  publisher = {American Physical Society},
  doi = {10.1103/PhysRevA.92.050101},
  url = {http://link.aps.org/doi/10.1103/PhysRevA.92.050101}
}

@article{SantosBernal16,
  title = {Excited-state quantum phase transitions in many-body systems with infinite-range interaction: Localization, dynamics, and bifurcation},
  author = {Santos, L. F. and T\'avora, M. and P\'erez-Bernal, F.},
  journal = {Phys. Rev. A},
  volume = {94},
  issue = {1},
  pages = {012113},
  numpages = {12},
  year = {2016},
  month = {7},
  publisher = {American Physical Society},
  doi = {10.1103/PhysRevA.94.012113},
  url = {https://link.aps.org/doi/10.1103/PhysRevA.94.012113}
}

@article{Schliemann15,
  title = {Coherent quantum dynamics: What fluctuations can tell},
  author = {Schliemann, J.},
  journal = {Phys. Rev. A},
  volume = {92},
  issue = {2},
  pages = {022108},
  numpages = {11},
  year = {2015},
  month = {8},
  publisher = {American Physical Society},
  doi = {10.1103/PhysRevA.92.022108},
  url = {https://link.aps.org/doi/10.1103/PhysRevA.92.022108}
}

@book{schmitt2015,
  title={Introduction to Superfluidity},
  author={Schmitt, Andreas},
  volume={888},
  year={2015},
  publisher={Springer},
  series={Lecture Notes in Physics}
}

@ARTICLE{Schneider2018,
  title    = "Two-dimensional semiconductors in the regime of strong
              light-matter coupling",
  author   = "Schneider, Christian and Glazov, Mikhail M and Korn, Tobias and
              H{\"o}fling, Sven and Urbaszek, Bernhard",
  journal  = "Nature Communications",
  volume   =  9,
  number   =  1,
  pages    = "2695",
  month    =  jul,
  year     =  2018
}


@Article{Scheibner07,
  title    = "Superradiance of quantum dots",
  author   = "Scheibner, Michael and Schmidt, Thomas and Worschech, Lukas and
              Forchel, Alfred and Bacher, Gerd and Passow, Thorsten and Hommel,
              Detlef",
  journal  = "Nature Physics",
  volume   =  3,
  number   =  2,
  pages    = "106--110",
  month    =  feb,
  year     =  2007
}

@article {Schneble03,
	author = {Schneble, Dominik and Torii, Yoshio and Boyd, Micah and Streed, Erik W. and Pritchard, David E. and Ketterle, Wolfgang},
	title = {The Onset of Matter-Wave Amplification in a Superradiant Bose-Einstein Condensate},
	volume = {300},
	number = {5618},
	pages = {475--478},
	year = {2003},
	doi = {10.1126/science.1083171},
	publisher = {American Association for the Advancement of Science},
	issn = {0036-8075},
	URL = {http://science.sciencemag.org/content/300/5618/475},
	journal = {Science}
}

@ARTICLE{Schoelkopf2008,
  title    = "Wiring up quantum systems",
  author   = "Schoelkopf, R J and Girvin, S M",
  abstract = "The emerging field of circuit quantum electrodynamics could pave
              the way for the design of practical quantum computers.",
  journal  = "Nature",
  volume   =  451,
  number   =  7179,
  pages    = "664--669",
  month    =  feb,
  year     =  2008
}


@article{schweber1967,
title = {On the application of Bargmann Hilbert spaces to dynamical problems},
journal = {Annals of Physics},
volume = {41},
number = {2},
pages = {205-229},
year = {1967},
issn = {0003-4916},
doi = {https://doi.org/10.1016/0003-4916(67)90234-5},
url = {https://www.sciencedirect.com/science/article/pii/0003491667902345},
author = {S. Schweber}
}


@book{scully1999,
  title={Quantum optics},
  author={Scully, Marlan O and Zubairy, M Suhail},
  year={1999},
  publisher={American Association of Physics Teachers}
}

@article{Sieberer2016,
  doi = {10.1088/0034-4885/79/9/096001},
  url = {https://dx.doi.org/10.1088/0034-4885/79/9/096001},
  year = {2016},
  month = {8},
  publisher = {IOP Publishing},
  volume = {79},
  number = {9},
  pages = {096001},
  author = {Sieberer, L. M. and Buchhold, M. and Diehl, S.},
  title = {Keldysh field theory for driven open quantum systems},
  journal = {Reports on Progress in Physics}
}


@article{siegbahn1982,
  title = {Electron spectroscopy for atoms, molecules, and condensed matter},
  author = {Siegbahn, Kai},
  journal = {Rev. Mod. Phys.},
  volume = {54},
  issue = {3},
  pages = {709--728},
  numpages = {0},
  year = {1982},
  month = {7},
  publisher = {American Physical Society},
  doi = {10.1103/RevModPhys.54.709},
  url = {https://link.aps.org/doi/10.1103/RevModPhys.54.709}
}

@article{silbey1984,
    author = {Silbey, Robert and Harris, Robert A.},
    title = {Variational calculation of the dynamics of a two level system interacting with a bath},
    journal = {The Journal of Chemical Physics},
    volume = {80},
    number = {6},
    pages = {2615-2617},
    year = {1984},
    month = {03},
    issn = {0021-9606},
    doi = {10.1063/1.447055},
    url = {https://doi.org/10.1063/1.447055}
}


@ARTICLE{Sillanpaa2007,
  title    = "Coherent quantum state storage and transfer between two phase
              qubits via a resonant cavity",
  author   = "Sillanp{\"a}{\"a}, Mika A and Park, Jae I and Simmonds, Raymond W",
  journal  = "Nature",
  volume   =  449,
  number   =  7161,
  pages    = "438--442",
  month    =  sep,
  year     =  2007
}

@article{shimano2020,
   author = "Shimano, Ryo and Tsuji, Naoto",
   title = "Higgs Mode in Superconductors", 
   journal= "Annual Review of Condensed Matter Physics",
   year = "2020",
   volume = "11",
   number = "Volume 11, 2020",
   pages = "103-124",
   doi = "https://doi.org/10.1146/annurev-conmatphys-031119-050813",
   url = "https://www.annualreviews.org/content/journals/10.1146/annurev-conmatphys-031119-050813",
   publisher = "Annual Reviews",
   issn = "1947-5462",
   type = "Journal Article"
  }

@online{Shinya2021,
  author = {KATO Shinya},
  title = {New optical cavity design improves control of light waves and single atoms},
  year = 2021,
  url = {https://www.waseda.jp/inst/wias/news-en/2021/02/05/7284/},
  urldate = {2021-02-05}
}

@article{shore1993,
author = {Bruce W. Shore and Peter L. Knight},
title = {The Jaynes-Cummings Model},
journal = {Journal of Modern Optics},
volume = {40},
number = {7},
pages = {1195--1238},
year = {1993},
publisher = {Taylor \& Francis},
doi = {10.1080/09500349314551321},
URL = {https://doi.org/10.1080/09500349314551321}
}


@article{shvarchuck2002,
  title = {Bose-Einstein Condensation into Nonequilibrium States Studied by Condensate Focusing},
  author = {Shvarchuck, I. and Buggle, Ch. and Petrov, D. S. and Dieckmann, K. and Zielonkowski, M. and Kemmann, M. and Tiecke, T. G. and von Klitzing, W. and Shlyapnikov, G. V. and Walraven, J. T. M.},
  journal = {Phys. Rev. Lett.},
  volume = {89},
  issue = {27},
  pages = {270404},
  numpages = {4},
  year = {2002},
  month = {12},
  publisher = {American Physical Society},
  doi = {10.1103/PhysRevLett.89.270404},
  url = {https://link.aps.org/doi/10.1103/PhysRevLett.89.270404}
}


@article{Sinha2019,
  title = {Dissipative Bose-Josephson junction coupled to bosonic baths},
  author = {Sinha, Sudip and Sinha, S.},
  journal = {Phys. Rev. E},
  volume = {100},
  issue = {3},
  pages = {032115},
  numpages = {11},
  year = {2019},
  month = {9},
  publisher = {American Physical Society},
  doi = {10.1103/PhysRevE.100.032115},
  url = {https://link.aps.org/doi/10.1103/PhysRevE.100.032115}
}


@article{Sinha2020,
  title = {Chaos and Quantum Scars in Bose-Josephson Junction Coupled to a Bosonic Mode},
  author = {Sinha, Sudip and Sinha, S.},
  journal = {Phys. Rev. Lett.},
  volume = {125},
  issue = {13},
  pages = {134101},
  numpages = {7},
  year = {2020},
  month = {9},
  publisher = {American Physical Society},
  doi = {10.1103/PhysRevLett.125.134101},
  url = {https://link.aps.org/doi/10.1103/PhysRevLett.125.134101}
}

@article{subasi2012,
  title = {Equilibrium states of open quantum systems in the strong coupling regime},
  author = {Suba{\c{s}}{\i}, Y. and Fleming, C. H. and Taylor, J. M. and Hu, B. L.},
  journal = {Phys. Rev. E},
  volume = {86},
  issue = {6},
  pages = {061132},
  numpages = {18},
  year = {2012},
  month = {12},
  publisher = {American Physical Society},
  doi = {10.1103/PhysRevE.86.061132},
  url = {https://link.aps.org/doi/10.1103/PhysRevE.86.061132}
}

@article{sun2017,
  title = {Bose-Einstein Condensation of Long-Lifetime Polaritons in Thermal Equilibrium},
  author = {Sun, Yongbao and Wen, Patrick and Yoon, Yoseob and Liu, Gangqiang and Steger, Mark and Pfeiffer, Loren N. and West, Ken and Snoke, David W. and Nelson, Keith A.},
  journal = {Phys. Rev. Lett.},
  volume = {118},
  issue = {1},
  pages = {016602},
  numpages = {6},
  year = {2017},
  month = {1},
  publisher = {American Physical Society},
  doi = {10.1103/PhysRevLett.118.016602},
  url = {https://link.aps.org/doi/10.1103/PhysRevLett.118.016602}
}

@article{sooryakumar1980,
  title = {Raman Scattering by Superconducting-Gap Excitations and Their Coupling to Charge-Density Waves},
  author = {Sooryakumar, R. and Klein, M. V.},
  journal = {Phys. Rev. Lett.},
  volume = {45},
  issue = {8},
  pages = {660--662},
  numpages = {0},
  year = {1980},
  month = {8},
  publisher = {American Physical Society},
  doi = {10.1103/PhysRevLett.45.660},
  url = {https://link.aps.org/doi/10.1103/PhysRevLett.45.660}
}

@article{sooryakumar1981,
  title = {Raman scattering from superconducting gap excitations in the presence of a magnetic field},
  author = {Sooryakumar, R. and Klein, M. V.},
  journal = {Phys. Rev. B},
  volume = {23},
  issue = {7},
  pages = {3213--3221},
  numpages = {0},
  year = {1981},
  month = {4},
  publisher = {American Physical Society},
  doi = {10.1103/PhysRevB.23.3213},
  url = {https://link.aps.org/doi/10.1103/PhysRevB.23.3213}
}

@article{sornborger2004,
  title = {Superconducting phase qubit coupled to a nanomechanical resonator: Beyond the rotating-wave approximation},
  author = {Sornborger, Andrew T. and Cleland, Andrew N. and Geller, Michael R.},
  journal = {Phys. Rev. A},
  volume = {70},
  issue = {5},
  pages = {052315},
  numpages = {6},
  year = {2004},
  month = {11},
  publisher = {American Physical Society},
  doi = {10.1103/PhysRevA.70.052315},
  url = {https://link.aps.org/doi/10.1103/PhysRevA.70.052315}
}

@article{stamper1999,
 title = {Excitation of Phonons in a Bose-Einstein Condensate by Light Scattering},
  author = {Stamper-Kurn, D. M. and Chikkatur, A. P. and G\"orlitz, A. and Inouye, S. and Gupta, S. and Pritchard, D. E. and Ketterle, W.},
  journal = {Phys. Rev. Lett.},
  volume = {83},
  issue = {15},
  pages = {2876--2879},
  numpages = {0},
  year = {1999},
  month = {10},
  publisher = {American Physical Society},
  doi = {10.1103/PhysRevLett.83.2876},
  url = {https://link.aps.org/doi/10.1103/PhysRevLett.83.2876}
}

@article{stamper2013,
  title = {Spinor Bose gases: Symmetries, magnetism, and quantum dynamics},
  author = {Stamper-Kurn, Dan M. and Ueda, Masahito},
  journal = {Rev. Mod. Phys.},
  volume = {85},
  issue = {3},
  pages = {1191--1244},
  numpages = {0},
  year = {2013},
  month = {7},
  publisher = {American Physical Society},
  doi = {10.1103/RevModPhys.85.1191},
  url = {https://link.aps.org/doi/10.1103/RevModPhys.85.1191}
}


@article{steinhauer2002,
  title = {Excitation Spectrum of a Bose-Einstein Condensate},
  author = {Steinhauer, J. and Ozeri, R. and Katz, N. and Davidson, N.},
  journal = {Phys. Rev. Lett.},
  volume = {88},
  issue = {12},
  pages = {120407},
  numpages = {4},
  year = {2002},
  month = {3},
  publisher = {American Physical Society},
  doi = {10.1103/PhysRevLett.88.120407},
  url = {https://link.aps.org/doi/10.1103/PhysRevLett.88.120407}
}

@article{stepanov2008,
  title = {Quantum integrability and nonintegrability in the spin-boson model},
  author = {Stepanov, Vyacheslav V. and M\"uller, Gerhard and Stolze, Joachim},
  journal = {Phys. Rev. E},
  volume = {77},
  issue = {6},
  pages = {066202},
  numpages = {9},
  year = {2008},
  month = {6},
  publisher = {American Physical Society},
  doi = {10.1103/PhysRevE.77.066202},
  url = {https://link.aps.org/doi/10.1103/PhysRevE.77.066202}
}

@book{stoof2009,
  title={Ultracold quantum fields},
  author={Stoof, Henk TC and Gubbels, Koos B and Dickerscheid, Dennis},
  year={2009},
  publisher={Springer}
}


@article{Stransky14,
title = {Excited-state quantum phase transitions in systems with two degrees of freedom: Level density, level dynamics, thermal properties},
journal = {Annals of Physics},
volume = {345},
pages = {73-97},
year = {2014},
issn = {0003-4916},
doi = {https://doi.org/10.1016/j.aop.2014.03.006},
url = {https://www.sciencedirect.com/science/article/pii/S000349161400061X},
author = {Pavel Stránský and Michal Macek and Pavel Cejnar}
}

@article{Stransky15,
title = {Excited-state quantum phase transitions in systems with two degrees of freedom: II. Finite-size effects},
journal = {Annals of Physics},
volume = {356},
pages = {57-82},
year = {2015},
issn = {0003-4916},
doi = {https://doi.org/10.1016/j.aop.2015.02.025},
url = {https://www.sciencedirect.com/science/article/pii/S0003491615000767},
author = {Pavel Stránský and Michal Macek and Amiram Leviatan and Pavel Cejnar}
}

@article{Stransky2016,
title = {Classification of excited-state quantum phase transitions for arbitrary number of degrees of freedom},
journal = {Physics Letters A},
volume = {380},
number = {34},
pages = {2637-2643},
year = {2016},
issn = {0375-9601},
doi = {https://doi.org/10.1016/j.physleta.2016.06.031},
url = {https://www.sciencedirect.com/science/article/pii/S037596011630353X},
author = {Pavel Stránský and Pavel Cejnar}}

@article{Kloc2017,
title = {Quantum phases and entanglement properties of an extended Dicke model},
journal = {Annals of Physics},
volume = {382},
pages = {85-111},
year = {2017},
issn = {0003-4916},
doi = {https://doi.org/10.1016/j.aop.2017.04.005},
url = {https://www.sciencedirect.com/science/article/pii/S0003491617301112},
author = {Michal Kloc and Pavel Stránský and Pavel Cejnar}
}

@article{Stransky2017b,
    author = {Stránský, Pavel and Kloc, Michal and Cejnar, Pavel},
    title = "{Excited-state quantum phase transitions and their manifestations in an extended Dicke model}",
    journal = {AIP Conference Proceedings},
    volume = {1912},
    number = {1},
    pages = {020018},
    year = {2017},
    month = {12},
    issn = {0094-243X},
    doi = {10.1063/1.5016143},
    url = {https://doi.org/10.1063/1.5016143}
}


%%%%%T

@article{takeno1976,
author = {Takeno ,Shozo and Nagashima ,Michiyoshi and Sugimto ,Jun},
title = {Coherent States and Photon Dynamics in the Dicke Model Hamiltonian},
journal = {Journal of the Physical Society of Japan},
volume = {41},
number = {3},
pages = {921-928},
year = {1976},
doi = {10.1143/JPSJ.41.921},
URL = {https://doi.org/10.1143/JPSJ.41.921}
}

@article{talkner2007,
  title = {Fluctuation theorems: Work is not an observable},
  author = {Talkner, Peter and Lutz, Eric and H\"anggi, Peter},
  journal = {Phys. Rev. E},
  volume = {75},
  issue = {5},
  pages = {050102},
  numpages = {2},
  year = {2007},
  month = {5},
  publisher = {American Physical Society},
  doi = {10.1103/PhysRevE.75.050102},
  url = {https://link.aps.org/doi/10.1103/PhysRevE.75.050102}
}

@article{talkner2008,
  title = {Microcanonical quantum fluctuation theorems},
  author = {Talkner, Peter and H\"anggi, Peter and Morillo, Manuel},
  journal = {Phys. Rev. E},
  volume = {77},
  issue = {5},
  pages = {051131},
  numpages = {6},
  year = {2008},
  month = {5},
  publisher = {American Physical Society},
  doi = {10.1103/PhysRevE.77.051131},
  url = {https://link.aps.org/doi/10.1103/PhysRevE.77.051131}
}

@misc{tasaki2000,
      title={Jarzynski Relations for Quantum Systems and Some Applications}, 
      author={Hal Tasaki},
      year={2000},
      eprint={cond-mat/0009244},
      archivePrefix={arXiv},
      primaryClass={cond-mat.stat-mech},
      url={https://arxiv.org/abs/cond-mat/0009244}, 
}


@article{TC1968,
  title = {Exact Solution for an $N$-Molecule---Radiation-Field Hamiltonian},
  author = {Tavis, Michael and Cummings, Frederick W.},
  journal = {Phys. Rev.},
  volume = {170},
  issue = {2},
  pages = {379--384},
  numpages = {0},
  year = {1968},
  month = {6},
  publisher = {American Physical Society},
  doi = {10.1103/PhysRev.170.379},
  url = {https://link.aps.org/doi/10.1103/PhysRev.170.379}
}


@article{tessier2003,
  title = {Entanglement sharing in the two-atom Tavis-Cummings model},
  author = {Tessier, T. E. and Deutsch, I. H. and Delgado, A. and Fuentes-Guridi, I.},
  journal = {Phys. Rev. A},
  volume = {68},
  issue = {6},
  pages = {062316},
  numpages = {10},
  year = {2003},
  month = {12},
  publisher = {American Physical Society},
  doi = {10.1103/PhysRevA.68.062316},
  url = {https://link.aps.org/doi/10.1103/PhysRevA.68.062316}
}

@article{thanopulos2004,
title = {Laser-driven coherent manipulation of molecular chirality},
journal = {Chemical Physics Letters},
volume = {390},
number = {1},
pages = {228-235},
year = {2004},
issn = {0009-2614},
doi = {https://doi.org/10.1016/j.cplett.2004.03.129},
url = {https://www.sciencedirect.com/science/article/pii/S0009261404004695},
author = {I. Thanopulos and E. Paspalakis and Z. Kis}
}

@article{thompson1992,
  title = {Observation of normal-mode splitting for an atom in an optical cavity},
  author = {Thompson, R. J. and Rempe, G. and Kimble, H. J.},
  journal = {Phys. Rev. Lett.},
  volume = {68},
  issue = {8},
  pages = {1132--1135},
  numpages = {0},
  year = {1992},
  month = {2},
  publisher = {American Physical Society},
  doi = {10.1103/PhysRevLett.68.1132},
  url = {https://link.aps.org/doi/10.1103/PhysRevLett.68.1132}
}

@article{tolkunov2007,
  title = {Quantum phase transition in the multimode Dicke model},
  author = {Tolkunov, Denis and Solenov, Dmitry},
  journal = {Phys. Rev. B},
  volume = {75},
  issue = {2},
  pages = {024402},
  numpages = {7},
  year = {2007},
  month = {1},
  publisher = {American Physical Society},
  doi = {10.1103/PhysRevB.75.024402},
  url = {https://link.aps.org/doi/10.1103/PhysRevB.75.024402}
}

@article{tomka2015,
  title    = "Supersymmetry in quantum optics and in spin-orbit coupled systems",
  author   = "Tomka, Michael and Pletyukhov, Mikhail and Gritsev, Vladimir",
  journal  = "Scientific Reports",
  volume   =  5,
  number   =  1,
  pages    = "13097",
  month    =  aug,
  year     =  2015
}

@article{tong2011,
  title = {Quantum phase transition in the delocalized regime of the spin-boson model},
  author = {Tong, Qing-Jun and An, Jun-Hong and Luo, Hong-Gang and Oh, C. H.},
  journal = {Phys. Rev. B},
  volume = {84},
  issue = {17},
  pages = {174301},
  numpages = {5},
  year = {2011},
  month = {11},
  publisher = {American Physical Society},
  doi = {10.1103/PhysRevB.84.174301},
  url = {https://link.aps.org/doi/10.1103/PhysRevB.84.174301}
}

@article{torggler2017,
  title = {Quantum annealing with ultracold atoms in a multimode optical resonator},
  author = {Torggler, Valentin and Kr\"amer, Sebastian and Ritsch, Helmut},
  journal = {Phys. Rev. A},
  volume = {95},
  issue = {3},
  pages = {032310},
  numpages = {10},
  year = {2017},
  month = {3},
  publisher = {American Physical Society},
  doi = {10.1103/PhysRevA.95.032310},
  url = {https://link.aps.org/doi/10.1103/PhysRevA.95.032310}
}

@article{torres2013,
  title = {Keldysh approach for nonequilibrium phase transitions in quantum optics: Beyond the Dicke model in optical cavities},
  author = {Torre, Emanuele G. Dalla and Diehl, Sebastian and Lukin, Mikhail D. and Sachdev, Subir and Strack, Philipp},
  journal = {Phys. Rev. A},
  volume = {87},
  issue = {2},
  pages = {023831},
  numpages = {20},
  year = {2013},
  month = {2},
  publisher = {American Physical Society},
  doi = {10.1103/PhysRevA.87.023831},
  url = {https://link.aps.org/doi/10.1103/PhysRevA.87.023831}
}

@article{Torres14PRA,
  title = {Quench dynamics of isolated many-body quantum systems},
  author = {Torres-Herrera, E. J. and Santos, Lea F.},
  journal = {Phys. Rev. A},
  volume = {89},
  issue = {4},
  pages = {043620},
  numpages = {6},
  year = {2014},
  month = {4},
  publisher = {American Physical Society},
  doi = {10.1103/PhysRevA.89.043620},
  url = {https://link.aps.org/doi/10.1103/PhysRevA.89.043620}
}

@article{Torres14NJP,
doi = {10.1088/1367-2630/16/6/063010},
url = {https://dx.doi.org/10.1088/1367-2630/16/6/063010},
year = {2014},
month = {6},
publisher = {IOP Publishing},
volume = {16},
number = {6},
pages = {063010},
author = {E J Torres-Herrera and Manan Vyas and Lea F Santos},
title = {General features of the relaxation dynamics of interacting quantum systems},
journal = {New Journal of Physics}
}

@article{Torres14PRE,
  title = {Local quenches with global effects in interacting quantum systems},
  author = {Torres-Herrera, E. J. and Santos, Lea F.},
  journal = {Phys. Rev. E},
  volume = {89},
  issue = {6},
  pages = {062110},
  numpages = {10},
  year = {2014},
  month = {6},
  publisher = {American Physical Society},
  doi = {10.1103/PhysRevE.89.062110},
  url = {https://link.aps.org/doi/10.1103/PhysRevE.89.062110}
}

@article{Torres14PRAb,
  title = {Nonexponential fidelity decay in isolated interacting quantum systems},
  author = {Torres-Herrera, E. J. and Santos, L. F.},
  journal = {Phys. Rev. A},
  volume = {90},
  issue = {3},
  pages = {033623},
  numpages = {9},
  year = {2014},
  month = {9},
  publisher = {American Physical Society},
  doi = {10.1103/PhysRevA.90.033623},
  url = {https://link.aps.org/doi/10.1103/PhysRevA.90.033623}
}

@article{TorresKollmar15,
doi = {10.1088/0031-8949/2015/T165/014018},
url = {https://dx.doi.org/10.1088/0031-8949/2015/T165/014018},
year = {2015},
month = {10},
publisher = {IOP Publishing},
volume = {2015},
number = {T165},
pages = {014018},
author = {E J Torres-Herrera and Davida Kollmar and Lea F Santos},
title = {Relaxation and thermalization of isolated many-body quantum systems},
journal = {Physica Scripta}
}

@article{Tavora16,
  author = {T\'avora, M. and Torres-Herrera, E. J. and Santos, L. F.},
  title = {Inevitable power-law behavior of isolated many-body quantum systems and how it anticipates thermalization},
  journal = {Phys. Rev. A},
  volume = {94},
  issue = {4},
  pages = {041603},
  numpages = {5},
  year = {2016},
  month = {10},
  publisher = {American Physical Society},
  doi = {10.1103/PhysRevA.94.041603},
  url = {http://link.aps.org/doi/10.1103/PhysRevA.94.041603}
}

@article{Tavora17,
  title = {Power-law decay exponents: A dynamical criterion for predicting thermalization},
  author = {T\'avora, M. and Torres-Herrera, E. J. and Santos, L. F.},
  journal = {Phys. Rev. A},
  volume = {95},
  issue = {1},
  pages = {013604},
  numpages = {14},
  year = {2017},
  month = {1},
  publisher = {American Physical Society},
  doi = {10.1103/PhysRevA.95.013604},
  url = {https://link.aps.org/doi/10.1103/PhysRevA.95.013604}
}

%%%%%U

@book{ueda2010,
  title={Fundamentals and new frontiers of Bose-Einstein condensation},
  author={Ueda, Masahito},
  year={2010},
  publisher={World Scientific}
}

@article{ueda2012,
   author = "Ueda, Masahito",
   title = "Bose Gases with Nonzero Spin", 
   journal= "Annual Review of Condensed Matter Physics",
   year = "2012",
   volume = "3",
   number = "Volume 3, 2012",
   pages = "263-283",
   doi = "https://doi.org/10.1146/annurev-conmatphys-020911-125033",
   url = "https://www.annualreviews.org/content/journals/10.1146/annurev-conmatphys-020911-125033",
   publisher = "Annual Reviews",
   issn = "1947-5462",
   type = "Journal Article"
  }

@article{utsunomiya2008,
  title    = "Observation of Bogoliubov excitations in exciton-polariton
              condensates",
  author   = "Utsunomiya, S and Tian, L and Roumpos, G and Lai, C W and Kumada,
              N and Fujisawa, T and Kuwata-Gonokami, M and L{\"o}ffler, A and
              H{\"o}fling, S and Forchel, A and Yamamoto, Y",
  journal  = "Nature Physics",
  volume   =  4,
  number   =  9,
  pages    = "700--705",
  month    =  sep,
  year     =  2008
}

%%%%%V

@article{vallone2020,
author = {Vallone, Marco},
title = {Higgs and Goldstone Modes in Crystalline Solids},
journal = {physica status solidi (b)},
volume = {257},
number = {3},
pages = {1900443},
keywords = {acoustic metrics, phonons, spontaneous symmetry breaking},
doi = {https://doi.org/10.1002/pssb.201900443},
url = {https://onlinelibrary.wiley.com/doi/abs/10.1002/pssb.201900443},
year = {2020}
}

@article{varma2002,
  title    = "Higgs Boson in Superconductors",
  author   = "Varma, C M",
  journal  = "Journal of Low Temperature Physics",
  volume   =  126,
  number   =  3,
  pages    = "901--909",
  month    =  feb,
  year     =  2002,
url = "https://link.springer.com/article/10.1023/A:1013890507658"
}

@article{Vidal06,
doi = {10.1209/epl/i2006-10041-9},
url = {https://dx.doi.org/10.1209/epl/i2006-10041-9},
year = {2006},
month = {5},
publisher = {},
volume = {74},
number = {5},
pages = {817},
author = {J. Vidal and  S. Dusuel},
title = {Finite-size scaling exponents in the Dicke model},
journal = {Europhysics Letters}
}

@article{villasenor2020,
doi = {10.1088/1367-2630/ab8ef8},
url = {https://dx.doi.org/10.1088/1367-2630/ab8ef8},
year = {2020},
month = {6},
publisher = {IOP Publishing},
volume = {22},
number = {6},
pages = {063036},
author = {D Villaseñor and S Pilatowsky-Cameo and M A Bastarrachea-Magnani and S Lerma-Hernández and L F Santos and J G Hirsch},
title = {Quantum vs classical dynamics in a spin-boson system: manifestations of spectral correlations and scarring},
journal = {New Journal of Physics}
}

@article{vojta2013,
    author = {Vojta, Thomas},
    title = {Phases and phase transitions in disordered quantum systems},
    journal = {AIP Conference Proceedings},
    volume = {1550},
    number = {1},
    pages = {188-247},
    year = {2013},
    month = {08},
    issn = {0094-243X},
    doi = {10.1063/1.4818403},
    url = {https://doi.org/10.1063/1.4818403},
    eprint = {https://pubs.aip.org/aip/acp/article-pdf/1550/1/188/11826990/188\_1\_online.pdf},
}


%%%%%W

@ARTICLE{wallraff2004,
  title    = "Strong coupling of a single photon to a superconducting qubit
              using circuit quantum electrodynamics",
  author   = "Wallraff, A and Schuster, D I and Blais, A and Frunzio, L and
              Huang, R - S and Majer, J and Kumar, S and Girvin, S M and
              Schoelkopf, R J",
  journal  = "Nature",
  volume   =  431,
  number   =  7005,
  pages    = "162--167",
  month    =  sep,
  year     =  2004,
url = "https://www.nature.com/articles/nature02851#citeas"
}

@article{wang1973,
  title = {Phase Transition in the Dicke Model of Superradiance},
  author = {Wang, Y. K. and Hioe, F. T.},
  journal = {Phys. Rev. A},
  volume = {7},
  issue = {3},
  pages = {831--836},
  numpages = {0},
  year = {1973},
  month = {3},
  publisher = {American Physical Society},
  doi = {10.1103/PhysRevA.7.831},
  url = {https://link.aps.org/doi/10.1103/PhysRevA.7.831}
}


@article{Wang2019,
  title = {Effect of system energy on quantum signatures of chaos in the two-photon Dicke model},
  author = {Wang, Shangyun and Chen, Songbai and Jing, Jiliang},
  journal = {Phys. Rev. E},
  volume = {100},
  issue = {2},
  pages = {022207},
  numpages = {12},
  year = {2019},
  month = {8},
  publisher = {American Physical Society},
  doi = {10.1103/PhysRevE.100.022207},
  url = {https://link.aps.org/doi/10.1103/PhysRevE.100.022207}}


@article{watanabe2020,
   author = "Watanabe, Haruki",
   title = "Counting Rules of Nambu–Goldstone Modes", 
   journal= "Annual Review of Condensed Matter Physics",
   year = "2020",
   volume = "11",
   number = "Volume 11, 2020",
   pages = "169-187",
   doi = "https://doi.org/10.1146/annurev-conmatphys-031119-050644",
   url = "https://www.annualreviews.org/content/journals/10.1146/annurev-conmatphys-031119-050644",
   publisher = "Annual Reviews",
   issn = "1947-5462",
   type = "Journal Article"
  }

@article{weiler2008,
  title    = "Spontaneous vortices in the formation of {Bose--Einstein}
              condensates",
  author   = "Weiler, Chad N and Neely, Tyler W and Scherer, David R and
              Bradley, Ashton S and Davis, Matthew J and Anderson, Brian P",
  journal  = "Nature",
  volume   =  455,
  number   =  7215,
  pages    = "948--951",
  month    =  oct,
  year     =  2008
}

@article{weinberg1972,
  title = {Approximate Symmetries and Pseudo-Goldstone Bosons},
  author = {Weinberg, Steven},
  journal = {Phys. Rev. Lett.},
  volume = {29},
  issue = {25},
  pages = {1698--1701},
  numpages = {0},
  year = {1972},
  month = {12},
  publisher = {American Physical Society},
  doi = {10.1103/PhysRevLett.29.1698},
  url = {https://link.aps.org/doi/10.1103/PhysRevLett.29.1698}
}


@book{weinstock1974calculus,
  title={Calculus of variations: with applications to physics and engineering},
  author={Weinstock, Robert},
  year={1974},
  publisher={Courier Corporation}
}

@book{weiss2012,
  title={Quantum dissipative systems},
  author={Weiss, Ulrich},
  year={2012},
  publisher={World Scientific}
}

@article{werlang2008,
  title = {Rabi model beyond the rotating-wave approximation: Generation of photons from vacuum through decoherence},
  author = {Werlang, T. and Dodonov, A. V. and Duzzioni, E. I. and Villas-B\^oas, C. J.},
  journal = {Phys. Rev. A},
  volume = {78},
  issue = {5},
  pages = {053805},
  numpages = {7},
  year = {2008},
  month = {11},
  publisher = {American Physical Society},
  doi = {10.1103/PhysRevA.78.053805},
  url = {https://link.aps.org/doi/10.1103/PhysRevA.78.053805}
}

@article{wetterich1993,
title = {Exact evolution equation for the effective potential},
journal = {Physics Letters B},
volume = {301},
number = {1},
pages = {90-94},
year = {1993},
issn = {0370-2693},
doi = {https://doi.org/10.1016/0370-2693(93)90726-X},
url = {https://www.sciencedirect.com/science/article/pii/037026939390726X},
author = {Christof Wetterich},
abstract = {We derive a new exact evolution equation for the scale dependence of an effective action. The corresponding equation for the effective potential permits a useful truncation. This allows one to deal with the infrared problems of theories with massless modes in less than four dimensions which are relevant for the high temperature phase transition in particle physics or the computation of critical exponents in statistical mechanics.}
}

@article{Wisniacki15,
  title = {Quantum manifestations of classical nonlinear resonances},
  author = {Wisniacki, D. A. and Schlagheck, P.},
  journal = {Phys. Rev. E},
  volume = {92},
  issue = {6},
  pages = {062923},
  numpages = {8},
  year = {2015},
  month = {12},
  publisher = {American Physical Society},
  doi = {10.1103/PhysRevE.92.062923},
  url = {https://link.aps.org/doi/10.1103/PhysRevE.92.062923}
}

@article{wouters2007,
  title = {Goldstone mode of optical parametric oscillators in planar semiconductor microcavities in the strong-coupling regime},
  author = {Wouters, Michiel and Carusotto, Iacopo},
  journal = {Phys. Rev. A},
  volume = {76},
  issue = {4},
  pages = {043807},
  numpages = {9},
  year = {2007},
  month = {10},
  publisher = {American Physical Society},
  doi = {10.1103/PhysRevA.76.043807},
  url = {https://link.aps.org/doi/10.1103/PhysRevA.76.043807}
}

%%%%%X

@article{xie2014,
  title = {Anisotropic Rabi model},
  author = {Xie, Qiong-Tao and Cui, Shuai and Cao, Jun-Peng and Amico, Luigi and Fan, Heng},
  journal = {Phys. Rev. X},
  volume = {4},
  issue = {2},
  pages = {021046},
  numpages = {12},
  year = {2014},
  month = {6},
  publisher = {American Physical Society},
  doi = {10.1103/PhysRevX.4.021046},
  url = {https://link.aps.org/doi/10.1103/PhysRevX.4.021046}
}


@article{xie2017,
doi = {10.1088/1751-8121/aa5a65},
url = {https://dx.doi.org/10.1088/1751-8121/aa5a65},
year = {2017},
month = {2},
publisher = {IOP Publishing},
volume = {50},
number = {11},
pages = {113001},
author = {Xie, Qiongtao and Zhong, Honghua and Batchelor, Murray T and Lee, Chaohong},
title = {The quantum Rabi model: solution and dynamics},
journal = {Journal of Physics A: Mathematical and Theoretical}
}

@ARTICLE{xu2016,
  title    = "Non-canonical distribution and non-equilibrium transport beyond
              weak system-bath coupling regime: A polaron transformation
              approach",
  author   = "Xu, Dazhi and Cao, Jianshu",
  journal  = "Frontiers of Physics",
  volume   =  11,
  number   =  4,
  pages    = "110308",
  month    =  may,
  year     =  2016
}


%%%%%Y

@article{Yang17,
  title = {Ultrastrong-coupling quantum-phase-transition phenomena in a few-qubit circuit QED system},
  author = {Yang, Wen-Juan and Wang, Xiang-Bin},
  journal = {Phys. Rev. A},
  volume = {95},
  issue = {4},
  pages = {043823},
  numpages = {7},
  year = {2017},
  month = {4},
  publisher = {American Physical Society},
  doi = {10.1103/PhysRevA.95.043823},
  url = {https://link.aps.org/doi/10.1103/PhysRevA.95.043823}
}

@article{yarnell1958,
  title = {Energy vs Momentum Relation for the Excitations in Liquid Helium},
  author = {Yarnell, J. L. and Arnold, G. P. and Bendt, P. J. and Kerr, E. C.},
  journal = {Phys. Rev. Lett.},
  volume = {1},
  issue = {1},
  pages = {9--11},
  numpages = {0},
  year = {1958},
  month = {7},
  publisher = {American Physical Society},
  doi = {10.1103/PhysRevLett.1.9},
  url = {https://link.aps.org/doi/10.1103/PhysRevLett.1.9}
}

@article{Ye2011,
  title = {Superradiance, Berry phase, photon phase diffusion, and number squeezed state in the U(1) Dicke (Tavis-Cummings) model},
  author = {Ye, Jinwu and Zhang, CunLin},
  journal = {Phys. Rev. A},
  volume = {84},
  issue = {2},
  pages = {023840},
  numpages = {5},
  year = {2011},
  month = {8},
  publisher = {American Physical Society},
  doi = {10.1103/PhysRevA.84.023840},
  url = {https://link.aps.org/doi/10.1103/PhysRevA.84.023840}
}

@Article{YiXiang2013,
  title    = "Goldstone and Higgs modes of photons inside a cavity",
  author   = "Yi-Xiang, Yu and Ye, Jinwu and Liu, Wu-Ming",
  journal  = "Scientific Reports",
  volume   =  3,
  number   =  1,
  pages    = "3476",
  month    =  dec,
  year     =  2013,
url = "https://www.nature.com/articles/srep03476"
}

@ARTICLE{Yoshihara2017,
  title    = "Superconducting qubit--oscillator circuit beyond the
              ultrastrong-coupling regime",
  author   = "Yoshihara, Fumiki and Fuse, Tomoko and Ashhab, Sahel and
              Kakuyanagi, Kosuke and Saito, Shiro and Semba, Kouichi",
  abstract = "A circuit that pairs a flux qubit with an LC oscillator via
              Josephson junctions pushes the coupling between light to matter
              to uncharted territory, with the potential for new applications
              in quantum technologies.",
  journal  = "Nature Physics",
  volume   =  13,
  number   =  1,
  pages    = "44--47",
  month    =  jan,
  year     =  2017,
url = "https://www.nature.com/articles/nphys3906#citeas"
}

@article{Yoshihara2018,
  title = {Inversion of Qubit Energy Levels in Qubit-Oscillator Circuits in the Deep-Strong-Coupling Regime},
  author = {Yoshihara, F. and Fuse, T. and Ao, Z. and Ashhab, S. and Kakuyanagi, K. and Saito, S. and Aoki, T. and Koshino, K. and Semba, K.},
  journal = {Phys. Rev. Lett.},
  volume = {120},
  issue = {18},
  pages = {183601},
  numpages = {5},
  year = {2018},
  month = {5},
  publisher = {American Physical Society},
  doi = {10.1103/PhysRevLett.120.183601},
  url = {https://link.aps.org/doi/10.1103/PhysRevLett.120.183601}
}


@article{yu2012,
  title = {Analytical solutions for the Rabi model},
  author = {Yu, Lixian and Zhu, Shiqun and Liang, Qifeng and Chen, Gang and Jia, Suotang},
  journal = {Phys. Rev. A},
  volume = {86},
  issue = {1},
  pages = {015803},
  numpages = {5},
  year = {2012},
  month = {7},
  publisher = {American Physical Society},
  doi = {10.1103/PhysRevA.86.015803},
  url = {https://link.aps.org/doi/10.1103/PhysRevA.86.015803}
}

@article{yu2025,
  title = {Rabi oscillation and fractional population via the bound states in the continuum in a giant-atom waveguide QED setup},
  author = {Yu, Hongwei and Zhang, Xiaojun and Wang, Zhihai and Wang, Jin},
  journal = {Phys. Rev. A},
  volume = {111},
  issue = {5},
  pages = {053710},
  numpages = {11},
  year = {2025},
  month = {5},
  publisher = {American Physical Society},
  doi = {10.1103/PhysRevA.111.053710},
  url = {https://link.aps.org/doi/10.1103/PhysRevA.111.053710}
}


@article{Yuan12,
  title = {Scaling of the Berry phase close to the excited-state quantum phase transition in the Lipkin model},
  author = {Yuan, Zi-Gang and Zhang, Ping and Li, Shu-Shen and Jing, Jian and Kong, Ling-Bao},
  journal = {Phys. Rev. A},
  volume = {85},
  issue = {4},
  pages = {044102},
  numpages = {4},
  year = {2012},
  month = {4},
  publisher = {American Physical Society},
  doi = {10.1103/PhysRevA.85.044102},
  url = {https://link.aps.org/doi/10.1103/PhysRevA.85.044102}
}


@Article{Yuan17,
  title    = "Single-impurity-induced Dicke quantum phase transition in a
              {cavity-Bose-Einstein} condensate",
  author   = "Yuan, Ji-Bing and Lu, Wang-Jun and Song, Ya-Ju and Kuang, Le-Man",
  journal  = "Scientific Reports",
  volume   =  7,
  number   =  1,
  pages    = "7404",
  month    =  aug,
  year     =  2017,
    url = "https://www.nature.com/articles/s41598-017-07899-x"
}

@article{Yuanjie2021,
author = {Yuanjie Yang and Yuxuan Ren and Mingzhou Chen and Yoshihiko Arita and Carmelo Rosales-Guzm{\'a}n},
title = {{Optical trapping with structured light: a review}},
volume = {3},
journal = {Advanced Photonics},
number = {3},
publisher = {SPIE},
pages = {034001},
keywords = {Particles, Optical tweezers, Structured light, Polarization, Bessel beams, Beam propagation method, Photonics, Spiral phase plates, Airy beams, Gold nanoparticles},
year = {2021},
doi = {10.1117/1.AP.3.3.034001},
URL = {https://doi.org/10.1117/1.AP.3.3.034001}
}


%%%%%Z

@book{zhang2006,
  title={The Schur complement and its applications},
  author={Zhang, Fuzhen},
  volume={4},
  year={2006},
  publisher={Springer Science \& Business Media}
}

@article{zhang2011,
  title = {Analytical ground state for the Jaynes-Cummings model with ultrastrong coupling},
  author = {Zhang, Yuanwei and Chen, Gang and Yu, Lixian and Liang, Qifeng and Liang, J.-Q. and Jia, Suotang},
  journal = {Phys. Rev. A},
  volume = {83},
  issue = {6},
  pages = {065802},
  numpages = {4},
  year = {2011},
  month = {6},
  publisher = {American Physical Society},
  doi = {10.1103/PhysRevA.83.065802},
  url = {https://link.aps.org/doi/10.1103/PhysRevA.83.065802}
}


@article{zhang2013,
  title = {Generalized rotating-wave approximation to biased qubit-oscillator systems},
  author = {Zhang, Yu-Yu and Chen, Qing-Hu and Zhao, Yang},
  journal = {Phys. Rev. A},
  volume = {87},
  issue = {3},
  pages = {033827},
  numpages = {6},
  year = {2013},
  month = {3},
  publisher = {American Physical Society},
  doi = {10.1103/PhysRevA.87.033827},
  url = {https://link.aps.org/doi/10.1103/PhysRevA.87.033827}
}

@article{zhang2015,
  title = {Generalized rotating-wave approximation for the two-qubit quantum Rabi model},
  author = {Zhang, Yu-Yu and Chen, Qing-Hu},
  journal = {Phys. Rev. A},
  volume = {91},
  issue = {1},
  pages = {013814},
  numpages = {7},
  year = {2015},
  month = {1},
  publisher = {American Physical Society},
  doi = {10.1103/PhysRevA.91.013814},
  url = {https://link.aps.org/doi/10.1103/PhysRevA.91.013814}
}


@ARTICLE{ZhangHou2015,
  title    = "Nonperturbative spin--boson and spin--spin dynamics and nonlinear
              Fano interferences: A unified dissipaton theory based study",
  author   = "Zhang, Hou-Dao and Xu, Rui-Xue and Zheng, Xiao and Yan, Yijing",
  journal  = "The Journal of Chemical Physics",
  volume   =  142,
  number   =  2,
  pages    = "024112",
  month    =  jan,
  year     =  2015
}


@article{zhangyu2016,
  title = {Generalized squeezing rotating-wave approximation to the isotropic and anisotropic Rabi model in the ultrastrong-coupling regime},
  author = {Zhang, Yu-Yu},
  journal = {Phys. Rev. A},
  volume = {94},
  issue = {6},
  pages = {063824},
  numpages = {7},
  year = {2016},
  month = {12},
  publisher = {American Physical Society},
  doi = {10.1103/PhysRevA.94.063824},
  url = {https://link.aps.org/doi/10.1103/PhysRevA.94.063824}
}

@article{zhangyu2017,
  title = {Analytical solutions by squeezing to the anisotropic Rabi model in the nonperturbative deep-strong-coupling regime},
  author = {Zhang, Yu-Yu and Chen, Xiang-You},
  journal = {Phys. Rev. A},
  volume = {96},
  issue = {6},
  pages = {063821},
  numpages = {7},
  year = {2017},
  month = {12},
  publisher = {American Physical Society},
  doi = {10.1103/PhysRevA.96.063821},
  url = {https://link.aps.org/doi/10.1103/PhysRevA.96.063821}
}

@article{zhang2016,
  title = {Analytical solutions and genuine multipartite entanglement of the three-qubit Dicke model},
  author = {Zhang, Yu-Yu and Chen, Xiang-You and He, Shu and Chen, Qing-Hu},
  journal = {Phys. Rev. A},
  volume = {94},
  issue = {1},
  pages = {012317},
  numpages = {8},
  year = {2016},
  month = {7},
  publisher = {American Physical Society},
  doi = {10.1103/PhysRevA.94.012317},
  url = {https://link.aps.org/doi/10.1103/PhysRevA.94.012317}
}

@article{Zhao2017,
doi = {10.1088/0253-6102/67/5/511},
url = {https://dx.doi.org/10.1088/0253-6102/67/5/511},
year = {2017},
month = {5},
publisher = {Chinese Physical Society and IOP Publishing Ltd},
volume = {67},
number = {5},
pages = {511},
author = {Xiu-Qin Zhao and Ni Liu and Jiu-Qing Liang},
title = {First-Order Quantum Phase Transition for Dicke Model Induced by Atom-Atom Interaction*},
journal = {Communications in Theoretical Physics}
}

@article{zheng2000,
  title = {Efficient Scheme for Two-Atom Entanglement and Quantum Information Processing in Cavity QED},
  author = {Zheng, Shi-Biao and Guo, Guang-Can},
  journal = {Phys. Rev. Lett.},
  volume = {85},
  issue = {11},
  pages = {2392--2395},
  numpages = {0},
  year = {2000},
  month = {9},
  publisher = {American Physical Society},
  doi = {10.1103/PhysRevLett.85.2392},
  url = {https://link.aps.org/doi/10.1103/PhysRevLett.85.2392}
}

@article{zheng2008,
  title = {Quantum Zeno and Anti-Zeno Effects: Without the Rotating-Wave Approximation},
  author = {Zheng, H. and Zhu, S. Y. and Zubairy, M. S.},
  journal = {Phys. Rev. Lett.},
  volume = {101},
  issue = {20},
  pages = {200404},
  numpages = {4},
  year = {2008},
  month = {11},
  publisher = {American Physical Society},
  doi = {10.1103/PhysRevLett.101.200404},
  url = {https://link.aps.org/doi/10.1103/PhysRevLett.101.200404}
}

@article{zhu2019,
doi = {10.1088/1367-2630/ab2afe},
url = {https://dx.doi.org/10.1088/1367-2630/ab2afe},
year = {2019},
month = {7},
publisher = {IOP Publishing},
volume = {21},
number = {7},
pages = {073028},
author = {Zhu, Bihui and Marino, Jamir and Yao, Norman Y and Lukin, Mikhail D and Demler, Eugene A},
title = {Dicke time crystals in driven-dissipative quantum many-body systems},
journal = {New Journal of Physics}
}


@article{Zibold10,
  title = {Classical Bifurcation at the Transition from Rabi to Josephson Dynamics},
  author = {Zibold, T. and Nicklas, E. and Gross, C. and Oberthaler, M. K.},
  journal = {Phys. Rev. Lett.},
  volume = {105},
  issue = {20},
  pages = {204101},
  numpages = {4},
  year = {2010},
  month = {11},
  publisher = {American Physical Society},
  doi = {10.1103/PhysRevLett.105.204101},
  url = {https://link.aps.org/doi/10.1103/PhysRevLett.105.204101}
}

@article{zou2013,
doi = {10.1088/1367-2630/15/12/123032},
url = {https://dx.doi.org/10.1088/1367-2630/15/12/123032},
year = {2013},
month = {12},
publisher = {IOP Publishing},
volume = {15},
number = {12},
pages = {123032},
author = {J H Zou and T Liu and M Feng and W L Yang and C Y Chen and J Twamley},
title = {Quantum phase transition in a driven Tavis–Cummings model},
journal = {New Journal of Physics}
}

@article{zueco2019,
  title = {Ultrastrongly dissipative quantum Rabi model},
  author = {Zueco, David and Garc\'{\i}a-Ripoll, Juanjo},
  journal = {Phys. Rev. A},
  volume = {99},
  issue = {1},
  pages = {013807},
  numpages = {11},
  year = {2019},
  month = {1},
  publisher = {American Physical Society},
  doi = {10.1103/PhysRevA.99.013807},
  url = {https://link.aps.org/doi/10.1103/PhysRevA.99.013807}
}






